3166 5026
310 320 352 376 Ilo
369 319 462 377 Flavii
481 320 590 391 Iosephi
609 319 767 376 elocutione
787 311 996 378 observationes
1015 321 1137 378 criticae.
1266 315 1308 384 33

139 491 321 550 Plutarchus
350 494 381 551 et
403 490 553 552 Luciacus
580 494 698 551 tantum
726 492 872 568 pluralem
902 510 1045 568 usurpare
1073 492 1227 570 videnlur,
1250 511 1308 551 non

137 581 184 639 lta
212 580 372 660 Iosephus,
400 582 477 656 apud
506 601 595 657 quem
623 581 715 640 semel
743 581 803 657 legi
831 581 951 659 dualem
973 582 1008 641 A.
1027 581 1099 639 XIV
1117 583 1181 641 425
1206 573 1309 662 τοῑνῙ)

137 661 200 751 (ira
217 669 292 729 Nsb.
311 670 384 730 ταῖν
402 662 501 752 οοάά.)
520 670 630 745 χεροῖν
649 664 848 745 ἀμφοτέραιν
866 662 948 753 (ριν
967 665 1070 749 Nau),
1090 671 1142 730 sed
1161 671 1308 748 pluralem

137 757 202 818 Vit.
219 761 280 818 172
301 753 560 834 superspector
580 759 701 834 χεῖρας,
720 758 755 818 A.
771 759 802 818 II
819 762 880 820 243
901 753 1094 834 ἀμφοτέρων
1112 758 1178 819 τῶν
1197 756 1308 833 ἐθνῶν,

135 847 210 906 XIV
227 851 289 909 326
314 845 448 908 τούτου(
471 842 674 924 ἀμφοτέρουε
697 843 885 924 τετράρχαε,
909 849 981 907 item
999 848 1074 907 VIII
1089 849 1139 908 31.
1163 849 1221 908 XII
1238 850 1308 909 155.

137 936 210 995 XVI
229 939 300 998 152.
318 938 388 996 XIX
405 939 477 998 234.
493 940 565 998 285.
589 939 621 996 in
639 939 724 998 libris
743 940 835 998 suoriS
849 941 967 997 tantum
983 939 1060 1014 plur.
1075 938 1225 997 invenitur·
1241 934 1310 1016 (Ex.

140 1028 192 1099 12,
209 1028 258 1085 22.
277 1027 348 1087 Luc.
363 1029 392 1103 5,
409 1030 436 1087 7.
470 1029 507 1087 cf.
527 1027 617 1088 etism
636 1047 741 1104 eueng.
756 1027 839 1087 Petri
858 1047 884 1088 v.
902 1029 943 1087 37
964 1028 1008 1086 od.
1023 1027 1162 1087 Hernack
1177 1048 1205 1102 p.
1222 1029 1272 1105 11,
1289 1029 1307 1086 9

136 1108 316 1190 duodicem
335 1111 366 1176 οἱ
385 1108 565 1198 νεανίεκοι).

229 1205 356 1265 Duelem
374 1206 458 1266 verbi
482 1225 528 1282 ep.
546 1206 605 1265 Ios.
625 1206 716 1265 semel
735 1205 893 1267 observavi
911 1206 947 1265 A.
966 1206 1068 1265 XVIII
1089 1207 1151 1266 168
1172 1199 1259 1280 μόνω
1279 1198 1308 1265 δ’

134 1289 243 1368 ἤετην,
266 1295 316 1354 sed
336 1313 381 1370 ap.
402 1295 527 1354 eundem
547 1291 605 1355 δύο
625 1291 920 1370 tetrasticon.
939 1295 983 1353 VI
998 1296 1071 1356 357.
1089 1295 1149 1354 VII
1165 1297 1193 1373 V,
1213 1288 1309 1369 ἄμφω

136 1377 171 1442 δ’
191 1380 271 1458 dccv
290 1385 326 1443 A.
344 1384 400 1442 XV
420 1386 498 1461 396,
518 1377 615 1459 ἄμφω
634 1378 794 1444 άδικοῦειν
811 1384 848 1444 A.
867 1384 938 1443 XVI
954 1386 1006 1445 34.
1038 1385 1074 1444 cf.
1094 1384 1167 1446 Luc.
1186 1383 1273 1444 Cher.
1289 1386 1307 1444 3

136 1467 305 1533 ἀταιθάλω
325 1469 386 1548 γάρ
404 1469 509 1553 ἤετην,
529 1473 581 1533 sed
600 1467 697 1548 ἄμφω
716 1469 862 1549 ἐκόμιζον
882 1465 982 1555 (Luc.)
998 1474 1050 1532 As.
1065 1476 1116 1535 46.
1135 1473 1206 1533 Luc.
1221 1477 1307 1534 mort.

135 1562 209 1622 dial.
230 1564 279 1636 11,
295 1565 313 1622 2
333 1555 364 1643 (Ι
382 1554 472 1644 378).
509 1559 588 1639 ῆεαν
614 1563 720 1639 βαρεῖ(
738 1557 915 1638 ἀμφότεροι
934 1563 969 1623 Β.
988 1562 1003 1622 Ι
1023 1566 1073 1639 24,
1089 1567 1107 1624 5
1124 1556 1189 1644 (93,
1205 1557 1254 1644 4),
1273 1564 1309 1622 A.

133 1651 241 1710 XVIII
262 1653 335 1712 248.
377 1652 457 1730 apud
484 1652 644 1728 Polybium
671 1654 785 1712 nullum
815 1653 900 1714 vorbi
928 1653 1024 1712 dualis
1057 1671 1121 1712 esse
1150 1653 1312 1730 vestigium

134 1741 241 1801 docuit
258 1741 394 1816 Hessius,
414 1743 467 1800 der
486 1741 557 1802 duel
575 1742 604 1802 b.
624 1741 688 1803 Pol.
706 1763 736 1819 p.
752 1744 823 1803 164.

568 1974 637 2049 §4
668 1981 717 2036 De
740 1979 886 2038 casibus.

227 2117 405 2178 A.IV116
434 2111 647 2192 θαυμάζετε
675 2112 757 2194 οὖν,
786 2111 813 2177 ὦ
842 2112 1026 2194 μακάριοι
1059 2112 1230 2194 ετρατόε,
1261 2111 1310 2180 ότι

134 2207 291 2268 τοεοῦτοε
310 2205 343 2270 ἐξ
362 2202 435 2267 ἑνὸ(
454 2203 575 2282 πατρόε
594 2201 759 2279 γεγόνατε.
792 2208 837 2267 ita
853 2208 974 2268 Niesius
994 2209 1026 2266 in
1045 2208 1174 2268 editione
1193 2208 1307 2268 maiore

134 2297 260 2373 Iosephi
278 2296 492 2371 verbeedidit.
529 2298 581 2356 sed
599 2294 655 2356 RO
674 2290 865 2372 θαυμάζεται
890 2292 950 2357 οὖν
969 2292 987 2356 ὁ
1007 2292 1158 2372 μακάριοε
1177 2293 1310 2371 ετρατότ

135 2387 291 2464 exhibent,
318 2385 375 2444 Lu
401 2379 607 2461 θαυμάζεεθε,
633 2404 651 2444 a
674 2387 783 2462 quibus
806 2387 855 2448 vix
881 2386 980 2446 differt
1003 2386 1093 2446 lectio
1117 2385 1169 2445 SP
1193 2381 1311 2460 θαυμά-

134 2475 251 2550 ζεεθαι,
271 2495 338 2536 cum
356 2491 388 2534 αι
408 2478 439 2535 et
457 2491 471 2535 ε
492 2493 634 2551 persaepe
652 2475 684 2534 in
702 2475 787 2536 libris
806 2476 1027 2536 confundantur
1045 2476 1130 2536 velut
1149 2476 1185 2535 A.
1200 2475 1243 2534 IX
1259 2478 1310 2536 36.

133 2567 296 2642 praeterea
313 2583 368 2641 pro
391 2559 500 2625 edvin
517 2564 610 2623 MLE
629 2559 753 2641 τοίνυν,
770 2565 802 2624 iu
821 2565 871 2624 SP
895 2564 954 2626 νῦν
972 2565 1093 2642 legitur.
1130 2566 1160 2624 in
1180 2565 1311 2625 editione

134 2655 252 2714 minore
276 2656 355 2714 hunc
380 2655 478 2713 locum
496 2653 617 2714 Niesius
640 2657 782 2731 temptat,
807 2674 874 2714 cum
900 2656 1023 2715 scribet:
1050 2649 1224 2729 θαυμάζετε
1243 2649 1311 2729 οὖν,

137 2735 168 2801 ὦ
197 2736 388 2824 μακάριοιί),
417 2739 549 2818 ετρατὸε
576 2737 634 2802 ὅτι·
653 2744 806 2804 τοεοῦτοε
835 2739 868 2805 ἐξ
896 2738 969 2803 ἑνὸε
997 2739 1119 2818 πατρὸε
1146 2739 1311 2815 γεγόνατε.

136 2832 278 2892 Naborus
293 2833 388 2893 Niesii
406 2834 586 2908 scripturam
604 2833 734 2908 priorem
752 2833 871 2912 retinet,
889 2833 947 2892 nisi
965 2833 1044 2910 quod
1058 2828 1168 2893 τοίνυν
1182 2852 1237 2910 pro
1252 2828 1311 2893 οὖν

134 2921 254 2999 recipIt.
290 2922 428 2982 Niosium
447 2922 630 2983 nominativo
648 2941 702 2998 pro
720 2913 857 2984 socetiuo
876 2926 1020 2997 usurpato
1040 2922 1150 2982 offendi
1166 2923 1308 3000 suspicor.

137 3011 193 3070 sed
212 3030 248 3071 eo
266 3011 434 3071 confirmari
452 3011 580 3090 videtur,
598 3013 677 3087 quod
696 3013 838 3072 sermonis
858 3013 939 3072 illius
958 3012 1068 3072 aetatis
1082 3011 1216 3088 vulgaris
1232 3013 1311 3071 hunc

134 3119 227 3160 usum
248 3101 364 3161 dicendi
382 3101 536 3177 proprium
555 3093 648 3160 fuisse
667 3119 703 3161 ex
722 3101 759 3160 N.
776 3102 809 3161 Τ.
828 3102 1032 3179 cognoscimus
1053 3094 1173 3182 (Wiuer
1187 3098 1207 3176 ἓ
1223 3104 1275 3179 29,
1291 3105 1308 3160 2

132 3209 165 3267 p.
183 3193 222 3250 17
226 3181 280 3266 2⁷).
314 3190 437 3267 aceedit,
456 3191 535 3267 quod
553 3191 624 3250 telis
645 3191 805 3251 verborum
823 3191 988 3268 collocatio,
1007 3191 1104 3267 qualis
1119 3192 1166 3251 esi
1180 3187 1311 3265 ετρατόε

134 3273 186 3338 ὅτι
204 3279 365 3355 τοεοῦτοε,
385 3280 452 3340 aliis
471 3279 544 3340 Iocis
563 3281 642 3356 opud
663 3280 822 3356 Iosephum
840 3299 901 3340 non
919 3280 1104 3357 observatur,
1123 3298 1193 3339 nam
1211 3281 1312 3356 verba,

133 3388 213 3444 quae
241 3369 384 3447 leguntur
408 3370 444 3430 A.
460 3368 536 3428 VIII
551 3371 617 3430 279
651 3362 757 3450 (ἥκετε
786 3365 918 3444 ετρατόε
946 3363 1003 3444 ἐφ’
1026 3365 1106 3444 ἡμᾶε
1133 3360 1310 3448 τοιοῦτος),

134 3459 225 3528 ahter·
247 3462 420 3534 comparata
443 3460 514 3517 sunt
531 3477 628 3535 neque
649 3460 685 3520 A.
700 3459 743 3520 IX
759 3461 822 3520 169
843 3459 997 3518 collocatio
1017 3453 1168 3534 τιμωρίαν
1187 3451 1236 3517 ὅτι
1256 3474 1308 3532 με·

132 3542 239 3622 γάλην
256 3548 360 3623 procul
379 3547 470 3607 dubio
486 3549 540 3608 ost.
572 3549 633 3607 iam
649 3552 685 3607 ut
699 3549 738 3608 ad
752 3569 815 3608 rem
829 3547 1036 3626 gravissimam
1051 3548 1215 3625 veniamus,
1234 3550 1309 3608 θαυ-

134 3631 250 3711 μάζετε
273 3637 346 3695 ferri
368 3655 429 3696 non
447 3635 561 3715 polest,
585 3638 615 3697 id
637 3637 717 3714 quod
735 3637 848 3714 optimo
866 3638 931 3697 iure
951 3657 999 3696 me
1017 3637 1133 3698 monuit
1151 3635 1311 3696 Udshicus

135 3725 173 3786 do
193 3726 621 3804 Wilamowitz-Moellendorff,
641 3726 784 3803 quonism
802 3746 835 3785 re
853 3746 925 3786 vora
942 3727 1017 3786 nihil
1036 3730 1091 3799 est,
1110 3727 1189 3802 quod
1207 3725 1311 3784 Iudaei

135 3816 295 3874 mirentur:
319 3813 377 3891 ipsi
400 3815 478 3875 enim
503 3815 600 3876 sciunt
625 3817 683 3875 sibi
707 3817 887 3892 promissum
906 3835 925 3874 a
942 3815 1019 3893 Deo,
1044 3815 1156 3875 scilicet
1174 3833 1233 3874 nou
1251 3815 1310 3890 ipsi

135 3905 296 3981 mirantur,
319 3904 371 3964 sed
395 3905 463 3964 eliis
487 3905 677 3965 admirationi
696 3910 781 3983 sunt,
805 3924 898 3981 quare
917 3908 1014 3964 totum
1033 3905 1131 3964 locum
1151 3903 1192 3962 sic
1211 3905 1311 3982 legen-

135 3995 208 4053 dum
231 4011 350 4053 censeo:
379 3989 631 4069 θαυμάζετθε
655 3994 745 4069 νῦν,
774 3987 800 4051 ὦ
826 3988 1024 4069 μακάριοι
1048 3989 1234 4068 (τρατὸε,
1262 3987 1311 4052 ὅτι

135 4081 288 4143 τοεοῦτοε
315 4079 348 4144 ἐξ
376 4077 449 4143 ἑνὸε
473 4078 593 4158 πατρὸς
616 4079 782 4156 γεγόνατε.
818 4084 862 4143 ite
886 4085 983 4144 omnia
1008 4083 1099 4160 plana
1122 4084 1202 4142 sunt.
1238 4082 1311 4142 haec

136 4173 215 4232 enim
235 4171 363 4248 scriptor
382 4171 550 4232 Bileamum
569 4174 716 4233 dicentem
735 4171 821 4233 facil:
840 4173 911 4233 olim
930 4174 1025 4233 totam
1044 4176 1158 4232 terram
1178 4174 1309 4232 elmere

229 4381 256 4450 1)
276 4377 311 4435 of.
330 4378 428 4450 Polyb.
443 4377 495 4433 XII
515 4382 556 4450 10,
572 4385 596 4434 e.
616 4378 707 4435 XVIII
725 4385 768 4448 ae,
783 4386 808 4434 4.

140 4451 310 4598 mwssfd
330 4452 458 4521 μακάριοι
476 4450 506 4507 in
524 4451 607 4507 reuse
623 4449 695 4523 (sine
714 4450 806 4508 nonu.
819 4450 976 4520 Platonica)
996 4449 1138 4552 uerius
1161 4450 1207 4520 (se
1224 4449 1310 4505 wiu-

1084 4617 1100 4667 3
