3166 5026
264 251 284 318 8
691 249 845 305 Guilelmus
865 246 1004 304 Schmidt:

264 421 446 500 posteriores
465 421 497 480 in
515 419 599 480 codd.
614 407 889 500 PFLAMVW¹),
908 418 946 478 sd
965 435 1038 494 quos
1057 435 1159 477 omnes
1174 418 1319 478 accedunt
1333 418 1437 478 Rufini

265 512 364 572 versio
382 509 503 584 Latina,
527 509 657 586 epitome
676 499 745 590 (E),
769 512 909 584 excerpts
926 506 1124 580 Peirescisna,
1143 506 1300 568 Eusebius.
1337 511 1372 567 ut
1397 508 1438 566 ab

265 600 327 660 illis
346 599 465 659 initium
490 600 649 677 faciamus,
673 616 733 657 non
757 597 881 658 dubium
904 599 959 675 est,
982 595 1054 674 quin
1073 596 1149 656 duae
1167 595 1299 656 familiae
1323 597 1439 657 discer-

265 689 380 750 nendae
399 687 468 766 sint,
487 689 585 748 altera
604 686 737 748 codicum
757 685 827 766 Ro,
845 687 942 746 altera
961 685 1051 748 SPL.
1088 685 1219 744 medium
1237 687 1336 746 locum
1354 687 1439 746 inter
1559 697 1560 708 *

163 805 166 812 ·
266 780 320 840 has
340 778 457 839 obtinet
470 779 509 837 Μ.
538 777 703 855 quaeritur,
717 778 786 835 utra
804 775 866 836 utri
884 776 1025 852 praestet.
1053 774 1091 835 ad
1108 775 1229 834 illorum
1243 774 1330 835 fidem
1345 767 1438 856 (ΕΟ)
1559 814 1560 844 ι

267 868 427 928 editionem
446 886 531 928 suam
551 867 669 943 redegit
681 865 813 942 Niesius,
831 865 869 925 ad
887 866 995 925 horum
1012 863 1159 924 Nabaros.
1192 865 1270 925 idem
1288 865 1385 942 igitur
1404 867 1437 924 in

266 957 365 1019 Flavii
379 957 497 1033 losephi
515 955 601 1015 libris
620 955 808 1015 recensendis
828 954 1030 1032 observamus,
1045 955 1124 1030 quod
1143 956 1212 1013 ante
1230 953 1358 1030 triginta
1371 955 1439 1014 fere

268 1065 360 1106 annos
379 1046 410 1105 in
424 1045 563 1123 Dionysii
577 1044 859 1104 Halicarnassensis.
890 1046 925 1103 ut
943 1046 1009 1103 tum
1022 1043 1080 1104 viri
1094 1043 1173 1103 docti
1191 1043 1223 1101 in
1242 1044 1315 1104 duas
1329 1047 1438 1121 partes

267 1134 470 1212 discedebant,
493 1153 561 1194 cum
584 1134 673 1193 alteri
695 1131 803 1194 codicis
827 1131 960 1194 Chisiani
987 1132 1116 1192 virtutes
1144 1132 1268 1192 summis
1293 1133 1439 1193 laudibus
1559 1141 1560 1150 ’

268 1225 416 1300 efferrent,
435 1225 523 1284 elteri
542 1222 672 1284 codicem
692 1221 868 1282 Urbinatem
888 1222 996 1282 ceteris
1019 1221 1169 1293 omnibus,
1187 1220 1220 1280 in
1237 1221 1273 1282 iis
1293 1221 1439 1284 chisiano

268 1314 465 1392 praeferrent,
493 1312 538 1372 ita
563 1312 642 1372 idem
671 1315 821 1372 certamen
848 1311 895 1371 his
923 1311 1036 1371 nostris
1064 1310 1168 1370 diebus
1195 1311 1357 1372 reviviscit.
1400 1317 1439 1372 ut
1559 1333 1560 1346 ¹

269 1403 389 1464 Niesius
403 1403 525 1478 Iosephi
538 1401 623 1463 libris
638 1400 693 1461 ΒΟ
708 1401 868 1461 maximam
881 1401 990 1460 tribuit
1005 1400 1225 1477 auctoritatem,
1239 1401 1283 1460 ita
1296 1401 1439 1462 Naberus

270 1492 377 1552 ceteris
395 1482 520 1573 (Mer).
555 1495 661 1568 postea
679 1490 737 1551 viri
764 1491 844 1550 docti
873 1489 954 1567 apud
981 1488 1159 1568 Dionysium
1192 1509 1257 1549 earn
1289 1491 1439 1551 rationem
1559 1547 1560 1550 ,

271 1581 365 1641 secuti
384 1583 464 1657 sunt,
483 1583 518 1639 ut
536 1575 736 1641 ‘coniunctum
755 1580 913 1656 utriusque
935 1580 1005 1640 libri
1028 1599 1115 1639 usum
1138 1573 1271 1638 cautum'
1290 1599 1439 1640 commen-

269 1670 383 1730 darent.
420 1671 476 1730 hoo
503 1669 593 1729 etism
612 1670 644 1728 in
668 1669 767 1730 Flavii
788 1668 909 1745 Iosephi
927 1668 1046 1745 scriptis
1070 1669 1255 1730 recensendis
1274 1669 1438 1729 maximnm

270 1761 401 1818 fructum
409 1759 585 1824 allaturum
605 1777 670 1818 esse
689 1762 799 1834 putem.
837 1758 888 1819 sed
914 1761 1016 1818 tamen
1035 1758 1234 1834 comparanda
1256 1757 1336 1819 inter
1354 1779 1388 1818 se
1406 1763 1439 1819 et

271 1847 458 1908 aestimanda
485 1848 596 1925 duplici
610 1847 760 1908 lectionis
789 1848 932 1909 memoria
959 1848 1154 1924 supersedere
1180 1866 1240 1908 non
1266 1867 1437 1924 possumus.

269 1941 304 1997 ut
328 1938 486 1997 afferamus
514 1957 571 1998 eas
590 1951 709 2010 causas,
732 1955 807 2014 quas
830 1937 950 1998 Niesius
974 1939 1064 2013 putat
1090 1937 1297 2015 gravissimas,
1325 1938 1352 1997 ai
1377 1957 1438 1998 non
1559 1931 1560 1946 ³

272 2027 419 2087 oredimus
438 2027 598 2103 Iosephum
618 2027 654 2086 A.
674 2027 716 2085 IX
738 2019 834 2106 284²)
854 2045 961 2086 nomen
981 2026 1152 2102 Solampsae
1172 2029 1241 2086 ante
1259 2028 1339 2087 hunc
1358 2028 1438 2086 dienr

271 2135 329 2176 non
354 2117 490 2176 auditum
515 2134 569 2192 pro
588 2115 813 2175 Salmanaesare
836 2116 979 2190 posuisse.
1016 2134 1086 2174 nam
1109 2116 1134 2174 si
1157 2116 1307 2193 posuisset
1328 2116 1359 2175 in
1384 2117 1438 2188 eis,

273 2223 348 2282 quae
363 2225 398 2265 ex
416 2205 491 2265 actis
505 2203 605 2282 Tyriis
620 2208 765 2282 ,excerpta
783 2206 862 2278 sunt,
880 2223 977 2265 nonne
996 2205 1142 2281 losephus
1161 2207 1198 2265 de
1216 2205 1363 2265 industria
1381 2225 1437 2265 nos

272 2294 474 2355 admonuisset
492 2293 582 2354 huius
596 2295 676 2372 regis
695 2313 810 2368 nomen,
826 2295 903 2372 quod
918 2295 989 2354 dicit
1004 2298 1121 2354 exstare
1140 2295 1171 2354 in
1190 2295 1237 2355 his
1252 2295 1333 2369 actis,
1350 2295 1439 2355 aliter

272 2384 490 2445 conformatum
508 2401 574 2444 esse
593 2387 683 2459 atque
702 2383 813 2460 vulgo?
837 2403 932 2460 neque
951 2383 1110 2462 quicquam
1135 2383 1210 2444 certi
1232 2403 1268 2445 ex
1291 2403 1437 2445 annorum

272 2473 544 2549 computationibus
581 2491 649 2532 mea
684 2473 803 2551 quidem
836 2473 984 2532 sententia
1017 2473 1118 2550 colligi
1153 2475 1267 2550 potest,
1303 2493 1371 2534 cum
1406 2476 1438 2534 in

273 2562 404 2622 numeris
427 2561 579 2622 tradendis
603 2562 719 2621 librarii
744 2562 832 2621 etiam
861 2562 996 2622 codicum
1023 2561 1079 2624 RO
1104 2563 1300 2639 peccaverint
1336 2567 1437 2624 tamen
1559 2591 1560 2594 ¹

273 2652 347 2710 mihi
373 2651 510 2728 persuasi
536 2650 628 2711 libros
652 2649 708 2710 RO
731 2651 890 2711 lectionem
913 2651 1009 2728 magis
1034 2651 1184 2728 integram
1210 2652 1320 2712 habere
1348 2673 1437 2730 quam

271 2743 396 2801 ceteros.
438 2759 492 2800 neo
520 2740 597 2800 enim
626 2742 730 2817 negari
756 2742 856 2817 potest
884 2741 997 2801 codices
1025 2740 1111 2800 MSP
1139 2741 1226 2804 valde
1253 2761 1318 2802 esse
1345 2741 1436 2802 inter-

273 2831 398 2906 polatos.
431 2831 509 2906 quod
529 2833 563 2888 ut
581 2830 749 2906 probemus,
767 2848 863 2906 pauca
881 2831 1015 2907 exempla
1034 2831 1140 2890 afferre
1159 2831 1255 2890 liceat.
1274 2831 1435 2892 Alxaoa

269 2919 415 2995 losephue
443 2920 547 2978 narrat
574 2918 791 2978 Hierobamum
818 2938 920 2996 regem
948 2919 1136 2980 idololatriae
1164 2939 1195 2980 se
1227 2920 1377 2980 dedidisse
1405 2924 1435 2981 et

270 3008 387 3069 omnino
406 3006 497 3084 impie
516 3009 546 3068 et
566 3007 690 3068 sceleste
710 3027 741 3068 se
760 3008 896 3084 gessisse.
933 3012 998 3068 tum
1020 3009 1133 3086 pergit:
1152 3010 1198 3089 τῷ
1218 3006 1253 3068 δὲ
1272 3009 1347 3091 Ιλαῷ
1370 3008 1435 3070 τῶν

272 3091 471 3172 Ἰεραηλιτῶν
499 3091 619 3171 μυρίων
647 3091 801 3170 ἀγαθῶν
829 3091 929 3158 αἴτιος
954 3093 1087 3173 ὑπῆρχε.
1132 3100 1176 3158 ita
1200 3099 1319 3175 Iosephi
1346 3101 1438 3160 rerba

272 3186 402 3246 reddunt
429 3185 544 3246 codices
572 3184 642 3265 ΒΟ,
671 3187 722 3246 sed
741 3185 826 3245 MSP
843 3187 914 3249 Ero.
934 3187 1015 3248 soie.
1034 3185 1159 3248 κακῶν
1182 3188 1330 3248 exhibent.
1367 3189 1433 3248 illos

270 3275 364 3336 libros
382 3275 513 3353 Niesius,
531 3275 586 3336 hos
604 3276 741 3336 Nabaros
761 3277 903 3354 sequitur.
935 3278 1064 3337 fortasse
1083 3280 1117 3336 tu
1137 3296 1255 3356 quoque
1272 3278 1437 3356 miraberis,

272 3369 308 3424 ut
330 3365 484 3443 Nabaros,
513 3365 565 3443 qui
592 3365 654 3441 fiat,
682 3369 718 3425 ut
743 3384 795 3425 rex
823 3367 950 3426 maxime
977 3367 1086 3444 impius
1115 3367 1151 3426 ds
1177 3368 1288 3444 populo
1313 3367 1438 3430 maxime

274 3457 433 3516 mereatur.
479 3454 531 3513 sed
563 3455 642 3514 hunc
674 3474 776 3532 regem
807 3474 839 3514 re
871 3475 943 3515 vera
975 3454 1011 3515 de
1043 3455 1250 3515 Israelitarum
1281 3476 1374 3534 regno
1405 3476 1438 3517 eo

273 3543 414 3603 meritum
434 3561 511 3621 esse,
530 3543 609 3620 quod
627 3543 700 3603 fines
724 3545 787 3604 eius
807 3547 838 3604 et
860 3544 892 3605 in
915 3545 1133 3622 septentriones
1156 3563 1260 3605 versus
1285 3566 1378 3622 usque
1401 3547 1438 3606 ad

277 3633 441 3692 Amathnm
468 3631 572 3692 urbem
601 3637 632 3692 et
662 3633 693 3692 in
724 3633 880 3694 meridiem
912 3654 1006 3712 usque
1038 3634 1075 3693 nd
1107 3634 1204 3694 lacum
1236 3633 1436 3712 Asphaltiten]

275 3725 484 3800 propagasset,
513 3742 571 3783 non
601 3722 698 3782 solum
724 3722 868 3798 Iosephus
897 3723 1057 3784 memoriae
1084 3723 1210 3783 tradidit
1231 3725 1262 3783 in
1285 3725 1341 3802 eie,
1365 3743 1438 3800 quae

277 3815 444 3889 sequuntur
463 3803 498 3891 (ξ
515 3813 587 3872 206.
604 3803 691 3894 207),
711 3814 761 3871 sed
781 3813 872 3871 etiam
890 3812 961 3874 libri
979 3815 1055 3873 sacri
1075 3817 1105 3872 et
1119 3812 1266 3872 Hebraico
1285 3817 1315 3873 et
1330 3813 1439 3874 Graece

362 4020 388 4087 1)
406 4017 429 4070 P
448 4044 482 4064 ε-
500 4017 621 4074 Palatio.
640 4018 753 4088 (Vatia.)
774 4021 808 4072 14
832 4034 903 4074 saec.
922 4018 1015 4143 IX4X.
1054 4018 1180 4074 continet
1202 4017 1235 4074 A.
1250 4015 1437 4076 lile-XVII.

272 4089 329 4145 Vit.
344 4094 458 4144 1-427.
494 4090 590 4144 insunt
618 4090 773 4159 permultae
801 4090 928 4145 lacunae.
1005 4117 1038 4136 =
1056 4088 1186 4146 Laurent.
1207 4096 1249 4157 69,
1265 4096 1300 4145 20
1327 4108 1349 4146 s.
1369 4092 1437 4146 XlV.

274 4161 398 4216 continet
412 4165 444 4215 A.
454 4159 587 4217 XI-XV.
607 4163 628 4214 L
642 4187 675 4206 =
686 4159 812 4216 Leidens.
831 4161 853 4213 F
865 4167 896 4216 13
912 4181 933 4216 s.
944 4160 1053 4234 XIlel
1068 4179 1089 4216 o.
1101 4160 1134 4217 A.
1149 4161 1284 4216 Xl—XV.
1303 4159 1368 4215 A==
1379 4165 1437 4216 Am·

273 4231 346 4286 bros.
365 4231 386 4285 F
406 4236 457 4286 las
476 4250 495 4286 ι.
516 4232 561 4287 XI.
599 4234 671 4287 cont.
695 4233 727 4287 A.
747 4231 882 4286 Xl-XX.
903 4231 959 4288 Vit.
997 4235 1026 4288 M
1046 4259 1079 4280 =
1099 4231 1241 4288 Mediocus
1259 4232 1339 4289 Laur.
1355 4239 1436 4298 69,10

273 4321 294 4360 s.
305 4303 365 4358 XV.
389 4319 454 4372 pars
474 4303 614 4372 antiquior
633 4320 656 4358 o.
677 4302 771 4358 AXlI
784 4303 931 4359 199-XX.
960 4304 1016 4360 Vit.
1041 4303 1246 4359 V==Vatican
1269 4309 1318 4358 14⁷
1339 4305 1435 4359 s.XIV.

273 4390 297 4431 o.
317 4377 348 4429 A.
363 4373 498 4428 Xl-XV.
535 4375 572 4430 W
587 4401 620 4421 =
634 4373 764 4430 Vatican.
784 4378 835 4430 984
855 4395 876 4430 s.
895 4375 967 4432 XIV.
1005 4395 1028 4432 o.
1047 4374 1080 4430 A.
1099 4375 1226 4430 XI-XX
1246 4377 1275 4430 et
1292 4374 1363 4430 Bell.
1381 4377 1435 4431 Iud.

362 4448 390 4516 2)
410 4445 444 4501 cf.
463 4443 556 4516 Niese,
574 4446 661 4516 praef.
681 4447 763 4501 vol.l
783 4465 809 4516 p.
825 4445 948 4502 XXXHI.
