3166 5026
294 289 335 348 De
353 289 446 350 stava
463 281 583 364 Iosephi
594 289 753 349 elocutione
771 291 980 350 observationes
1000 287 1122 349 criticae.
1250 277 1291 356 15
1350 375 1354 382 ,

125 462 188 523 B.I
204 463 253 536 18,
265 465 292 524 1.
308 464 387 541 26,3
410 457 462 542 (cf.
475 465 496 524 1.
506 464 526 524 l.
539 484 567 539 p.
580 465 608 524 9.
621 453 710 544 11)1)
734 463 862 539 probare
880 464 982 526 studet
1000 461 1114 523 codices
1131 462 1189 522 PA
1208 463 1290 523 boni·

123 555 191 612 tate
206 553 313 612 ceteris
332 555 487 629 praestare
503 555 533 612 et
546 553 626 613 iuter
641 552 696 613 hos
712 552 839 613 fortasse
853 553 877 612 P
892 571 956 612 esse
971 553 1133 614 meliorem.
1160 553 1212 612 sed
1226 571 1293 610 cum

125 642 170 702 eis
189 642 274 717 Iocis,
293 661 366 718 quos
386 642 473 703 affert
490 642 698 721 gravissimos,
717 641 886 703 coniectura
904 661 978 719 opus
999 642 1051 719 sn,
1068 644 1106 702 ut
1127 660 1164 702 ex
1186 642 1291 702 horum

124 731 271 790 librorum
296 731 474 792 lectionibus
502 749 608 792 verum
636 731 784 808 eliciatur,
811 733 941 792 noudum
969 732 1162 791 fundamenta
1189 731 1293 791 iecisse

125 820 255 898 videtur,
269 821 377 897 quibus
391 821 450 880 nisi
463 821 584 881 illorum
597 821 727 896 pretirtm
742 823 825 881 certa
839 821 954 882 ratione
969 821 1170 881 aestimemus,
1187 822 1291 879 utrum

124 929 158 968 re
177 928 250 970 vera
267 909 406 970 meliores
430 910 560 971 habendi
584 911 646 970 sint
672 929 777 989 necne,
803 929 864 970 non
891 911 974 987 prius
1001 909 1157 970 diiudicari
1181 910 1294 986 peterit

124 1016 215 1076 quam
254 999 391 1059 editionis
419 999 578 1060 Niesianae
611 999 749 1060 volumen
783 1002 899 1060 sextum
931 999 1085 1076 prodierit.
1130 1017 1183 1058 nec
1216 999 1294 1058 euim

124 1087 288 1149 Oardwelli
306 1088 398 1148 editio
417 1088 449 1147 in
467 1090 543 1149 hanc
562 1109 624 1148 rem
645 1089 763 1164 suffieit,
778 1090 856 1165 quod
876 1108 941 1150 oum
962 1088 1087 1149 aliorum
1101 1091 1167 1148 tum
1185 1087 1293 1148 codicis

122 1178 152 1236 A
172 1178 314 1238 lectiones
333 1177 371 1238 ab
390 1197 426 1239 ea
444 1179 563 1239 absunt.

217 1715 386 1794 Materiam,
395 1735 483 1793 quam
494 1716 654 1778 tractaturi
668 1735 779 1792 sumus,
790 1734 824 1775 eo
834 1715 937 1775 ordine
952 1714 1108 1792 disponere
1122 1716 1207 1775 nobis
1221 1716 1296 1776 utile

123 1804 255 1882 uidetur,
278 1809 314 1865 ut
336 1807 432 1882 primo
451 1807 515 1867 loco
538 1825 683 1882 ponamus
702 1805 911 1883 gravissimum
938 1807 1039 1882 caput,
1057 1805 1088 1862 id
1108 1807 1154 1864 est
1173 1805 1209 1864 de
1232 1825 1296 1866 ver-

124 1895 232 1954 borum
256 1897 419 1974 structura,
446 1899 512 1955 tum
535 1896 571 1955 de
595 1897 756 1956 verborum
780 1895 905 1954 flexione
928 1912 1066 1972 agemus,
1090 1898 1242 1970 postremo
1264 1895 1295 1954 in

121 1984 286 2047 verborum
304 1984 452 2045 delectum
470 1985 663 2062 inquiramus.

504 2286 531 2359 Ι.
578 2285 645 2359 DE
674 2285 918 2360 SYNTAXI.

544 2463 564 2542 ἕ
586 2469 613 2528 1.
657 2473 707 2528 De
729 2470 884 2530 articulo.

216 2608 252 2669 A.
279 2607 354 2668 XIII
382 2611 446 2670 320
482 2609 514 2668 in
552 2609 689 2686 plurimis
728 2611 813 2671 libris
845 2608 974 2687 legimus
1006 2603 1194 2670 Ἰανναῖον
1230 2607 1297 2671 τὸν

125 2693 186 2757 καὶ
222 2691 484 2775 Ἀλέξανδρον,
522 2701 574 2760 sed
610 2696 662 2760 καὶ
697 2700 728 2759 in
765 2699 829 2758 FW
865 2697 1028 2775 omIttitur3'
1068 2698 1295 2761 4111111135

125 2787 208 2864 ¹apud
232 2806 324 2847 unum
347 2788 512 2848 Eusebium
535 2787 666 2850 traditur
690 2783 865 2863 Ἰώεηποε
888 2783 906 2848 ὁ
929 2785 988 2848 καὶ
1011 2783 1181 2864 Καϊάφας
1203 2790 1296 2867 parti-

129 2877 198 2935 cula
215 2871 267 2936 καὶ
284 2876 315 2935 in
335 2878 472 2938 omnibus
492 2878 612 2954 Iosephi
625 2878 718 2954 ipsius
732 2878 817 2938 libris
832 2877 1042 2953 manuscriptis
1057 2868 1200 2958 (AMWE
1215 2871 1297 2961 Lat.)

129 2966 249 3025 omissa.
278 2984 355 3041 quae
374 2968 452 3026 nude
467 2968 508 3027 sic
521 2971 591 3044 post
604 2967 763 3026 articulum
777 2968 877 3044 posite
891 2970 992 3026 utrum
1007 2966 1129 3026 ferenda
1144 2967 1184 3027 sit
1197 2985 1297 3044 necne,

128 3073 163 3113 ex
181 3054 281 3130 libris,
305 3055 413 3133 quippe
433 3057 485 3135 qui
504 3057 561 3116 sibi
578 3057 637 3132 ipsi
655 3076 715 3115 non
732 3059 882 3135 constent,
900 3055 1058 3115 diiudicari
1075 3056 1187 3133 nequii.
1225 3076 1297 3135 que·

128 3144 210 3202 niam
233 3162 376 3220 persaepe
399 3147 478 3221 apud
497 3146 658 3222 Iosephum
680 3145 872 3222 participium
892 3143 1006 3204 nomini
1023 3145 1144 3221 proprio
1163 3145 1295 3206 addItum

129 3236 175 3292 est
193 3234 279 3293 uelut
296 3233 333 3294 A.
347 3233 406 3292 XII
420 3235 462 3294 43
483 3228 586 3309 (ipos
605 3229 624 3294 ὁ
643 3231 694 3294 καὶ
712 3229 832 3300 δίκαια(
850 3228 1040 3309 ἐπικληθείτ,
1065 3232 1124 3292 XII
1139 3236 1202 3295 385
1221 3229 1295 3296 Ἄλ-

128 3336 217 3396 κιμος
236 3318 255 3381 ὁ
274 3319 325 3381 καὶ
343 3316 474 3398 Ἰάκιμος
492 3319 626 3398 κληθείς,
646 3323 721 3383 XIII
737 3325 779 3383 10
797 3317 947 3398 Ἰωάννην
965 3318 1024 3382 τὸν
1043 3319 1093 3396 καὶ
1113 3320 1226 3384 Γαοδὶν
1246 3323 1296 3385 λε-

128 3406 277 3484 γόμενον,
304 3410 379 3471 ΧΙΠ
395 3415 456 3472 131
478 3407 638 3474 Διόδοτος
661 3409 750 3472 ὁκαὶ
768 3408 908 3488 Τρύφων
928 3407 1120 3486 ἐπικληθείς,
1143 3413 1297 3474 xillano

130 3495 250 3574 (ελήνη
274 3497 293 3574 ἡ
317 3497 368 3560 καὶ
388 3493 446 3582 (ita
459 3493 531 3585 PV)
556 3497 744 3577 Κλεοπάτρα
763 3499 957 3579 καλουμένη,
975 3501 1031 3560 XX
1046 3503 1110 3561 240
1130 3495 1232 3582 Ἰούδᾳ
1250 3503 1296 3583 τῷ

129 3585 179 3648 καὶ
198 3583 429 3670 Ἀριιτοβούλῳ
448 3588 603 3669 κληθέντι,
621 3591 655 3650 Β.
669 3591 686 3651 Ι
700 3593 729 3669 4,
745 3594 762 3652 7
780 3586 846 3670 (21,
863 3583 1022 3673 173811.)
1037 3584 1199 3665 Ἀντίοχοι
1215 3586 1298 3651 ὁκαὶ

129 3673 287 3738 Διόννιοτ
304 3675 490 3760 ἐπικληθείς,
509 3680 669 3741 coniecerit
683 3681 829 3758 quispiam
845 3679 935 3740 etiam
949 3679 1022 3739 locis
1037 3680 1137 3740 allatis
1152 3680 1213 3740 tais
1228 3683 1298 3757 quid

127 3767 324 3828 intercidisse.
361 3768 413 3828 sed
440 3770 515 3829 illud
543 3769 657 3831 dicendi
686 3788 781 3846 genus
805 3770 932 3845 Iosepho
960 3788 1019 3828 non
1043 3769 1180 3846 ignotum
1204 3769 1298 3830 fuisse

128 3854 236 3916 docent
254 3857 284 3916 ei
305 3858 371 3936 loci,
395 3859 506 3937 quibus
529 3859 644 3920 codices
668 3859 858 3920 consentiunt
881 3863 917 3918 ut
939 3858 975 3918 Α.
993 3857 1010 3917 I
1029 3860 1093 3918 240
1118 3852 1298 3934 Κλεόδημος
1337 3899 1340 3904 -
1438 3865 1444 3876 ’

128 3986 340 3998 ——-.—.

201 4067 245 4147 ,1)
265 4065 322 4122 B.I
345 4071 371 4134 4,
387 4071 403 4121 5
421 4068 477 4149 I²⁰r
492 4069 551 4137 21),
574 4066 624 4122 ubi
642 4068 708 4123 οὔτε
727 4108 733 4122 .
755 4071 877 4156 ,espen
897 4108 903 4120 .
923 4108 929 4120 .
950 4067 1088 4120 ἐπαύοντο
1107 4063 1241 4134 legimus,
1264 4065 1299 4158 de

130 4135 267 4192 Destmon
284 4156 311 4208 p,
327 4144 343 4192 9
362 4138 512 4222 lectrouem
536 4139 683 4221 uulgatum
706 4143 802 4222 θαμαιν
824 4142 964 4207 temptare
986 4153 1042 4220 non
1066 4136 1188 4192 debebat
1206 4138 1299 4218 ὁργων

128 4225 451 4350 pirptppppnrkppprpeapa
468 4212 517 4335 IIIi
534 4210 817 4350 1ξάάιΠάιβεειρειιεάὲὓτθάάτ
838 4209 1102 4348 pppgkreeptpppppp,
1113 4225 1164 4334 ‘II
1176 4210 1299 4350 {3821}er

129 4351 262 4407 stabant'
301 4353 332 4407 at
359 4351 393 4408 cf.
421 4351 459 4407 ib.
479 4324 553 4437 142..
568 4358 620 4408 388
647 4354 793 4434 παύτετάαι
821 4352 1012 4434 (πουτάμενοι)
1039 4355 1091 4420 τη(
1122 4353 1220 4422 ὀργῆς,
1249 4353 1299 4435 sed

128 4423 294 4554 pppandAuup1
295 4425 700 4568 ppt2pprrpppprpc)smgularem
727 4424 773 4480 hro
797 4424 991 4495 usurpar1,ut
1014 4423 1087 4479 solet
1112 4426 1223 4494 praeter
1241 4423 1297 4479 Vrt.
