3166 5026
288 281 329 336 De
346 278 439 337 Flavii
458 280 571 351 Iosephi
589 279 746 336 elocutione
765 279 973 337 observationes
992 281 1114 338 criticae.
1242 283 1283 348 21

109 450 253 510 οἱιαὶίίίον
270 451 306 511 A.
324 451 379 510 XV
390 451 454 511 350
473 447 576 525 πέραν
590 442 711 510 Ἰονίου.
743 450 882 528 quoniam
900 450 937 510 de
950 450 1036 511 hiatu
1050 451 1162 530 agitur,
1179 453 1285 514 dubito

110 559 344 600 commemorare
363 544 395 600 et
412 539 491 616 apud
505 539 586 598 LXX
600 539 680 599 viros
695 542 726 599 et
739 539 770 598 in
785 540 823 599 N.
835 540 867 598 T.
882 539 1017 600 Iordanis
1032 541 1161 602 fluminis
1175 561 1284 603 nomen

110 630 241 690 articulo
269 631 449 689 instructum
475 628 576 688 efferri
603 631 638 688 ut
661 628 733 690 Gen.
754 632 879 707 13,11,
908 627 1010 704 πέραν
1037 631 1095 690 τοῦ
1121 624 1283 706 Ἰορδάνου

109 719 221 780 Matth.
241 721 274 794 4,
291 720 340 780 15.
357 720 407 780 25.
429 721 483 797 19,
500 722 527 780 1.
549 717 638 778 Marc.
655 720 687 792 3,
703 720 732 778 8.
755 720 809 794 10,
826 722 854 777 1.
877 717 919 792 Io.
936 721 963 797 1,
980 721 1029 778 28.
1050 722 1078 798 3,
1095 723 1145 782 26.
1167 724 1216 798 10,
1232 723 1283 782 40.

111 807 168 868 sed
192 809 282 868 etiam
300 807 445 884 Iosephus
464 809 528 884 ipso
547 809 666 884 saepius
685 809 716 866 iu
735 808 968 885 antiquitatibus
987 808 1104 885 quidem
1125 811 1282 869 articulum

109 898 198 956 addit
220 902 256 957 ut
277 897 335 958 τοῦ
359 891 519 971 Ἰορδάνου
544 897 580 955 A.
598 896 614 956 I
632 899 704 957 177.
725 898 817 957 V74.
838 899 910 957 100.
932 900 1002 958 196.
1024 901 1096 958 269.
1120 899 1193 957 XIII
1208 901 1282 959 338.

108 987 165 1045 XV
185 989 256 1047 364.
275 987 379 1046 XVIII
394 989 444 1061 28,
462 983 565 1062 πέραν
582 986 641 1045 τού
659 981 820 1060 Ἰορδάνου
839 986 874 1046 Α.
887 986 932 1045 17
947 989 1021 1048 177.
1040 987 1147 1048 V168.
1165 991 1214 1047 71.
1231 992 1281 1049 99.

110 1078 188 1137 373.
208 1076 267 1135 VII
282 1080 310 1138 9.
325 1078 375 1137 59.
393 1078 464 1137 198.
483 1076 526 1134 IX
540 1076 611 1136 235.
630 1075 689 1134 XII
704 1077 776 1137 229.
788 1077 860 1136 233.
879 1075 952 1134 XIII
968 1078 995 1136 9.
1009 1078 1058 1136 14.
1071 1078 1142 1138 398.
1157 1074 1218 1138 Vit.
1231 1080 1280 1138 33.

110 1167 192 1240 405,
217 1162 307 1240 μέχρι
327 1165 384 1225 τοῦ
403 1159 565 1239 Ἰορδάνου
585 1165 620 1224 A.
634 1163 695 1223 VII
711 1166 788 1242 272,
811 1160 945 1239 abactor
962 1165 1021 1225 τοῦ
1039 1159 1201 1241 Ἰορδάνου
1220 1168 1280 1227 Vit.

110 1257 187 1328 399,
202 1249 362 1329 Ἰορδάνου
376 1257 445 1331 post
460 1255 575 1314 vocales
589 1254 705 1313 AVIII
716 1256 767 1315 37.
778 1256 851 1332 226,
868 1254 913 1332 τῷ
923 1248 1064 1334 Ἰορδάνῃ
1079 1255 1115 1315 A.
1125 1248 1280 1338 IV(100).

111 1346 188 1405 176.
206 1344 281 1403 XIII
295 1345 373 1421 338,
395 1341 497 1417 πέραν
515 1343 573 1403 τοῦ
591 1338 704 1404 Ἰονίου
724 1344 760 1401 A.
774 1342 844 1402 XIV
862 1344 937 1419 123,
956 1340 1059 1418 πέραν
1076 1345 1135 1406 τοῦ
1154 1341 1280 1421 Εὐφρά-

107 1449 170 1492 του
190 1434 226 1493 A.
244 1434 287 1493 XI
303 1436 379 1509 134,
407 1434 453 1513 τῷ
476 1427 625 1512 Εὐφράτῃ
650 1432 847 1492 11711100.
871 1432 898 1490 X
918 1434 969 1492 84.
1006 1433 1076 1493 libri
1100 1433 1280 1494 dissentiunt

109 1524 147 1582 A.
163 1523 190 1581 V
207 1526 257 1584 86.
276 1514 425 1603 711231)
462 1522 591 1600 accedit,
615 1523 694 1600 quod
716 1521 818 1581 hiatus
836 1525 905 1597 post
923 1521 1082 1580 artIculum
1100 1523 1175 1584 nihil
1193 1525 1286 1584 habet

108 1613 291 1672 offensionis.
328 1612 474 1690 imprimis
499 1614 599 1672 autem
626 1611 786 1671 tenendum
815 1613 861 1670 ost
883 1611 1060 1687 Iosephum,
1089 1613 1147 1672 etsi
1169 1615 1284 1673 hiatum

108 1702 209 1762 vitare
227 1702 351 1779 studuit,
369 1703 424 1763 hoc
442 1705 544 1761 tamen
560 1721 621 1762 non
639 1702 894 1762 tam-constanter
910 1701 1017 1760 fecisse
1036 1719 1125 1776 quem
1139 1702 1284 1763 Krehsius

109 1791 171 1851 sibi
193 1810 370 1867 persuasum
393 1791 505 1850 habere
528 1791 655 1852 videtur.
692 1809 784 1867 quare
806 1808 859 1850 suo
878 1790 943 1849 iure
963 1789 1093 1850 editores
1112 1809 1180 1850 eum
1200 1794 1285 1870 sequi

106 1881 203 1942 veriti
222 1884 302 1940 sunt.

200 1971 236 2030 A.
250 1969 353 2028 XVIII
368 1973 430 2031 327
450 1970 482 2028 in
501 1963 638 2030 ohrnibus
658 1967 809 2028 codicibus
829 1959 907 2048 (AM
914 1961 965 2040 77)
984 1968 1091 2028 habes:
1109 1965 1204 2043 ἤρετο
1223 1968 1283 2045 τὴν

108 2054 214 2122 αἰτίαν
239 2060 306 2120 τοῦ
329 2055 476 2119 καὶτὸν
499 2053 689 2119 Ἀτιναῖον
712 2053 1030 2134 ἑφυττερηκότοτ.
1067 2059 1131 2118 sola
1153 2059 1282 2136 epitome

108 2145 160 2209 καὶ
180 2149 294 2209 omittit
312 2151 344 2209 ct
362 2144 598 2224 ἐφυετερηκότα
618 2148 747 2208 exhibet.
775 2151 810 2208 ut
826 2146 958 2208 nondum
974 2147 1010 2206 de
1024 2147 1173 2223 participii
1187 2149 1282 2225 ipsius

108 2258 168 2298 usu
182 2239 324 2299 insolenti
337 2239 443 2312 dicam,
457 2257 517 2298 non
531 2239 655 2298 dubium
670 2241 725 2315 est,
739 2238 811 2314 quin
825 2237 872 2297 hic
886 2236 981 2296 lateat
994 2238 1170 2312 corruptela.
1198 2239 1281 2314 quid·

107 2348 181 2387 nam
199 2327 343 2404 Iosephus
366 2328 464 2388 dicere
488 2327 574 2389 vult?
602 2329 671 2406 hoc,
694 2328 831 2403 inquam:
859 2321 1032 2402 ξαυυοοίνίί,
1056 2343 1110 2385 cur
1132 2326 1282 2388 Asinaeus

109 2436 179 2477 sero
197 2418 326 2495 veniret,
350 2417 499 2495 quaesivIt
517 2436 638 2477 causam
657 2420 715 2478 scri
735 2416 880 2477 adventus
898 2415 1034 2493 Asinaci,
1053 2415 1212 2493 adventus,
1230 2418 1282 2494 qui
1318 2415 1320 2418 ’

109 2507 230 2582 quidem
249 2507 381 2582 pertinet
399 2507 437 2565 ad
451 2500 636 2566 Asinacum.'
664 2525 756 2582 quare
772 2505 844 2583 quid
859 2524 991 2581 unquam
1004 2506 1103 2566 verius
1118 2506 1177 2566 fuit
1191 2525 1281 2584 quam

108 2589 319 2676 Holvverdoe²)
342 2596 513 2656 coniectura
535 2592 615 2656 κατὰ
638 2616 693 2672 pro
711 2591 763 2656 καὶ
781 2595 1029 2672 commendantis,
1051 2613 1141 2671 quern
1159 2595 1281 2657 iteravit

110 2685 291 2745 Benedictus
311 2685 401 2744 Niese
421 2677 494 2762 (vol.
507 2685 551 2744 IV
565 2707 598 2762 p.
611 2679 698 2766 199).
731 2685 781 2744 vix
799 2702 875 2761 opus
894 2687 941 2742 est
959 2683 1161 2743 demonstrare
1180 2681 1231 2744 καὶ
1250 2690 1281 2745 ot

108 2770 191 2834 κατὰ
219 2775 336 2850 saepius
360 2794 378 2834 a
400 2774 532 2834 librariis
556 2775 635 2834 inter
659 2793 690 2834 se
708 2773 875 2851 permutari
899 2774 983 2832 velut
1005 2773 1041 2832 A.
1056 2772 1110 2831 XX
1127 2775 1204 2846 268,
1227 2775 1281 2834 ubi

109 2864 141 2922 in
156 2863 215 2922 ΑΕ
234 2866 316 2923 recte
333 2864 462 2939 legimus
482 2859 569 2941 κατὰ,
588 2865 620 2923 in
633 2864 709 2923 Μ77
728 2867 758 2924 et
776 2863 807 2923 in
822 2862 921 2924 codice
935 2861 1137 2922 LaurentIano
1152 2853 1223 2943 (vol.
1234 2864 1280 2922 IV

108 2973 136 3028 p.
151 2951 211 3012 VII
225 2945 319 3034 Nies.)
342 2970 483 3029 perverse
502 2949 561 3014 καί.
597 2973 635 3014 ne
654 2953 727 3030 quid
745 2954 944 3028 desideretur,
967 2954 1084 3027 restat.
1098 2954 1133 3010 ut
1152 2951 1277 3012 dissera-

109 3061 188 3124 musx
203 3062 274 3101 num
292 3043 391 3118 ipsum
405 3041 525 3119 Iosophi
539 3061 632 3121 genus
648 3043 763 3102 dicendi
778 3042 847 3102 huic
862 3041 1049 3101 coniecturae
1063 3040 1172 3102 faveat.
1201 3042 1280 3102 solet

110 3131 136 3191 is
159 3132 331 3207 genetivum
354 3132 596 3192 citoumscribore
620 3133 841 3209 praeposili0ne
864 3126 944 3190 κατὰ
968 3149 992 3189 o.
1014 3147 1074 3190 acc.
1097 3147 1156 3188 non
1181 3131 1277 3190 solum

108 3220 140 3279 in
158 3221 355 3281 substantivis
375 3213 417 3301 (v.
436 3221 515 3280 infra
533 3219 553 3297 ξ
569 3213 617 3300 5),
641 3221 692 3282 scd
712 3222 803 3281 etiam
821 3222 852 3280 in
870 3219 1036 3296 participiis
1054 3219 1219 3279 insolenter
1237 3220 1279 3280 sic

108 3399 226 3476 iniuria,
241 3393 407 3478 maleficio',
421 3399 523 3459 XVIII
534 3403 573 3460 66
589 3400 635 3479 τῷ
650 3415 686 3459 τε
701 3394 757 3478 (sic
768 3399 939 3474 Hudsonus,
952 3396 1019 3457 τῶν
1029 3396 1111 3457 codd.
1121 3393 1173 3456 καὶ
1181 3397 1227 3458 τῶ
1236 3391 1277 3481 Ε)

110 3482 184 3550 καθ’
202 3483 320 3563 ἑαυτὴν
339 3485 558 3564 ἐπιτηδεύοντι
576 3484 693 3563 κότμον
715 3483 828 3563 ἀρετὴ(
846 3483 951 3564 ‘ipsius
971 3486 1070 3547 studio
1089 3487 1203 3546 decoris
1217 3487 1279 3548 vir-

109 3570 208 3656 tutis’,
226 3577 265 3638 ib.
283 3580 343 3638 201
365 3578 423 3639 τοῦ
441 3572 514 3639 καθ’
527 3575 607 3652 ὴμᾶτ
627 3575 880 3653 διαφευξομένου
897 3575 955 3652 τὴν
974 3570 1143 3650 δυττυχίαν
1158 3579 1277 3653 proprie

109 3662 217 3728 ‘nostri
241 3665 344 3742 effugii
366 3660 567 3744 calamitatis'‚
590 3667 629 3727 ib.
645 3669 708 3728 359
733 3664 770 3728 τὸ
794 3661 866 3727 κατ’
884 3661 1025 3727 ἐκείνου(
1044 3659 1143 3741 ἀκμῆτ
1162 3663 1280 3741 πληθύι

109 3752 277 3832 χρώμενον
295 3757 344 3818 vel
363 3759 397 3816 ut
415 3756 498 3817 Nios.
516 3756 548 3815 in
567 3757 696 3817 editione
716 3758 830 3816 minore
849 3756 977 3816 correxit
995 3755 1041 3835 τῷ
1059 3786 1104 3796 -
1122 3753 1277 3834 χρωμένῳ

197 3981 224 4046 1)
243 3978 278 4035 οί.
298 3981 328 4034 ἐν
346 3987 388 4050 τῷ
408 3979 492 4050 Ἰονίῳ
506 3979 619 4037 Lucian.
633 3980 745 4036 Phalar.
761 3980 787 4034 Π
800 3985 825 4034 4.
846 3980 946 4035 Toxar.
963 3984 1003 4034 19.
1024 3978 1141 4032 licentia
1154 3979 1277 4045 quadam

108 4053 195 4106 etiam
214 4049 380 4106 Strabonem
400 4056 429 4106 et
446 4051 615 4106 Pausaniam
634 4052 677 4106 uti
693 4053 816 4107 testatur
830 4052 863 4108 Η.
878 4049 1058 4118 nurenberg,
1078 4049 1190 4104 studien
1208 4048 1278 4104 dber

108 4125 161 4178 den
180 4121 374 4193 griechischen
392 4122 503 4177 antikel.
522 4122 556 4177 Il.
584 4140 676 4193 progr.
696 4123 787 4178 Berol.
804 4127 870 4178 1891
892 4143 918 4192 p.
933 4127 1046 4176 13—19.
1084 4120 1134 4173 sed
1153 4121 1277 4176 severius

106 4195 205 4265 Polyb.
219 4193 245 4246 ΙΙ
261 4199 334 4259 14,4
358 4197 374 4250 ὅ
396 4197 427 4249 τ’
446 4196 537 4250 Ἰόνιος
559 4196 658 4262 πόρος,
681 4195 706 4247 7
722 4200 795 4262 70,4
814 4197 830 4248 ὁ
849 4196 1017 4260 καλούμενα(
1036 4193 1175 4260 Ἰορδάνης
1191 4210 1276 4247 ποτα-

108 4268 168 4334 μότ,
192 4265 415 4336 711123(26),1
442 4267 522 4333 μέτον
541 4267 702 4335 Εὐφράτου,
726 4265 852 4332 111431
873 4267 889 4319 ὁ
912 4267 966 4332 γὰρ
985 4265 1133 4332 Εὐφράτητ
1156 4265 1185 4318 et
1202 4263 1275 4319 Plut.

107 4337 172 4394 Imc.
182 4342 216 4390 24
227 4338 299 4406 (526,
309 4338 354 4408 26)
366 4339 454 4405 πέραν
469 4339 625 4406 Εὐφράτου,
645 4339 741 4407 Pomp.
752 4343 785 4392 35
797 4339 869 4405 (525,
879 4339 925 4406 25)
939 4337 1008 4404 πρδτ
1023 4337 1136 4402 Ἄβαντι
1149 4342 1276 4405 ποταμῷ.

200 4410 228 4477 2)
247 4409 442 4464 emendation.
453 4408 529 4463 Plav.
549 4425 576 4477 p.
592 4414 643 4463 133
668 4411 697 4464 et
715 4408 924 4464 observationes
942 4407 1057 4462 criticae
1076 4407 1106 4461 in
1124 4405 1216 4462 Flavii
1233 4406 1278 4460 Io·

110 4478 190 4550 sephi
209 4477 315 4547 antiqu.
334 4479 393 4535 lud.
412 4481 431 4534 1.
446 4479 546 4535 XVIII.
565 4479 737 4549 Mnemosyn.
751 4480 779 4534 II
792 4482 883 4551 (1859)
902 4498 929 4549 p.
946 4484 1005 4534 134.
