3166 5026
260 232 304 298 38
686 228 841 285 Guilelmus
859 227 999 284 Schmidt:

261 402 299 480 τῇ
314 393 448 478 Ἰουδαίᾳ
462 394 921 460 κατοικούντων-τούτου(
940 397 1157 473 παραχωρῶ
1172 393 1267 472 ὑμῖν.
1296 400 1421 476 plerique

262 489 376 550 codices
399 485 418 550 ὃ
443 489 586 550 omittunt
609 497 640 550 et
658 509 712 566 pro
731 485 783 550 καὶ
800 488 989 548 substituunt
1006 485 1058 548 καὶ
1076 485 1140 548 οὓε.
1178 489 1256 548 hauc
1274 489 1420 548 lectionem

262 577 382 638 Niesius
401 577 532 656 recipere
551 579 687 654 debebat,
706 579 732 638 si
750 579 955 638 accusativum
972 572 1108 637 τούτου(
1127 570 1184 657 (=
1198 575 1274 639 τοὺ(
1291 573 1422 658 φόρουτ)

263 688 282 729 a
306 667 452 744 scriptore
479 669 646 745 proiectum
675 686 740 728 esse
765 667 901 744 putabat.
941 665 1079 726 Nabaros
1100 666 1196 745 magis
1221 667 1280 727 sibi
1305 671 1423 744 constat,

263 758 341 836 quod
360 776 426 816 cnm
445 757 532 817 libris
551 755 608 816 PV
633 753 652 818 ὃ
677 757 782 818 scribit
799 759 831 816 et
848 775 902 832 pro
920 751 1055 816 τούτου(
1074 756 1212 816 Hudsoni
1229 757 1426 818 coniecturam

262 846 359 908 τοῦτο
379 847 495 923 recipit.
531 846 582 906 sed
602 847 674 924 quid
692 865 766 923 opus
786 849 833 906 est
850 844 1042 906 coniectura?
1061 864 1158 905 noune
1177 845 1324 922 epitomes
1340 847 1425 906 lectio

231 923 235 934 ’
262 931 379 997 τούτου
399 936 472 996 satis
486 934 606 1012 Iosephi
624 935 753 996 dictione
771 934 1015 996 commendatur?
1039 935 1100 994 iam
1119 937 1155 994 ut
1168 936 1311 1012 dicamus,
1328 939 1427 995 utrum

264 1045 368 1085 verum
392 1027 445 1099 sit,
471 1028 526 1084 aut
547 1021 598 1084 καῖ
621 1021 678 1085 oli(
701 1019 767 1085 ἔδει
789 1041 841 1100 μοι
864 1019 1004 1085 δίδοιθαι
1023 1055 1065 1066 --
1088 1020 1224 1085 τούτου(
1247 1025 1428 1100 παραχωρῶ

264 1110 354 1174 autb
374 1108 552 1174 -τούτου
575 1115 759 1190 παραχωρῶ
783 1114 942 1190 legendum
965 1116 1039 1173 erat.
1076 1113 1128 1174 sed
1152 1113 1329 1190 genetivum
1346 1133 1428 1191 prae-

264 1203 417 1263 ferendum
438 1221 503 1262 esse
522 1205 553 1262 et
575 1202 697 1280 Iosephi
715 1203 809 1280 ipsius
828 1203 940 1278 scripta
958 1209 989 1262 et
1007 1202 1133 1262 aliorum
1152 1203 1331 1263 confirmant
1347 1205 1429 1266 velut

263 1284 523 1375 Polybii(1[190,
540 1295 589 1352 11.
608 1292 694 1372 1V5,
711 1296 738 1352 1.
757 1292 785 1350 v
799 1295 851 1368 45,
868 1284 912 1373 a),
931 1291 1086 1351 Plutarchi
1105 1283 1430 1374 (oue.35[543,11].

264 1373 573 1462 Dion.44[38‚19]),
591 1382 715 1452 Luciam
729 1372 821 1464 (Tim.
832 1383 872 1443 55
892 1376 1001 1442 οὐδενὶ
1018 1379 1085 1441 τῶν
1099 1377 1268 1455 πρωτείων
1282 1398 1430 1458 παραχω-

265 1468 387 1547 ρήεειεν
406 1464 454 1544 ἄν,
473 1473 620 1548 tyranni
636 1472 692 1547 τῆε
706 1469 764 1546 μὲν
778 1471 867 1546 τιμῆε
881 1465 1062 1545 παρεχώρει
1077 1463 1145 1530 καθ’
1159 1466 1283 1545 ἡλικιάν
1298 1465 1431 1551 ἐκείνῳ).

352 1562 389 1621 Α.
408 1559 482 1620 VIII
503 1562 564 1621 175
589 1560 621 1620 in
639 1561 776 1621 omnibus
796 1560 880 1619 libris
899 1559 1024 1636 legitur:
1051 1553 1147 1634 ἅπερ
1172 1555 1276 1635 ἐκείνη
1300 1561 1432 1635 τυχεῖν

265 1643 353 1723 ἠξίου
368 1646 565 1724 προϊέμενος.
598 1650 727 1710 fortasse
742 1651 808 1726 erit,
828 1649 879 1726 qui
893 1651 1030 1726 temptet,
1048 1650 1227 1723 praesertim
1242 1650 1269 1708 si
1283 1649 1349 1726 quis
1363 1669 1431 1710 oon-

140 1730 145 1745 '
263 1737 369 1798 tulerit
386 1739 422 1798 A.
441 1737 500 1798 XII
521 1740 582 1799 115
603 1731 654 1800 ῶν
672 1735 692 1814 ἡ
711 1733 808 1813 εοφία
827 1733 931 1798 δικαία
948 1737 1070 1812 τυχεῖν,
1090 1738 1129 1796 ib.
1153 1740 1214 1800 166
1236 1731 1283 1798 ῶν
1302 1734 1342 1800 ἂν
1361 1736 1432 1814 δέη-

264 1844 315 1888 ται
334 1827 451 1902 τυχεῖν,
470 1827 541 1886 XIV
558 1829 621 1888 223
637 1821 676 1888 οὖ
691 1829 809 1903 τυχεῖν,
827 1828 868 1888 ib.
885 1829 948 1887 148
968 1818 1433 1908 ὅεων(ὅ(ον1“Ι.)ἐδεή6ηεαν

266 1916 384 1990 τυχεῖν,
403 1915 441 1976 ib.
463 1920 525 1976 217
546 1911 631 1977 ὅεων
655 1909 747 1995 (teor
764 1911 803 1998 L)
822 1912 992 1992 τυγχάνειν
1011 1912 1197 1992 ἐβούλοντο,
1227 1917 1266 1975 ib.
1288 1919 1361 1978 162.
1379 1919 1434 1976 XV

266 2009 316 2064 77.
337 2007 386 2066 96.
408 2006 479 2067 155.
501 2009 572 2067 197.
593 2008 665 2067 255.
686 2009 758 2068 376.
781 2009 853 2067 387.
872 2007 944 2065 XVI
965 2009 1013 2065 12.
1033 2007 1083 2066 32.
1101 2008 1150 2066 62.
1167 2008 1240 2068 209.
1257 2009 1330 2068 210.
1349 2007 1434 2066 XVII

266 2098 338 2154 311.
359 2096 431 2155 314.
460 2097 516 2172 Ap.
535 2095 566 2154 II
586 2097 627 2155 42
648 2087 733 2176 (ὧν).
764 2098 825 2157 166
851 2086 974 2176 (ὅεων).
1011 2095 1086 2154 eddo
1115 2114 1150 2154 ex
1176 2096 1325 2171 prioribus
1348 2096 1435 2156 libris

266 2184 300 2244 Δ.
317 2184 333 2244 Ι
348 2186 420 2244 223.
441 2186 514 2244 249.
534 2186 606 2246 264.
628 2187 699 2245 274.
719 2184 838 2248 11264.
858 2184 993 2244 111188.
1012 2183 1040 2242 V
1056 2184 1106 2244 56.
1127 2184 1201 2243 VIII
1217 2186 1296 2261 356,
1313 2185 1435 2262 passim.

266 2273 318 2332 sed
333 2277 434 2333 tamen
447 2267 529 2349 ἅπερ
544 2274 731 2334 retinendum
745 2276 828 2351 puto,
842 2275 901 2334 etsi
910 2275 945 2336 A.
955 2274 997 2333 IV
1010 2273 1072 2333 105
1089 2268 1133 2335 εἰ(
1148 2267 1168 2332 ἃ
1183 2270 1312 2334 δέονται
1326 2275 1436 2348 τυχεῖν

267 2362 342 2422 nihil
360 2363 477 2440 probat,
497 2363 577 2438 quod
595 2364 642 2422 hic
661 2358 682 2422 ἃ
702 2364 879 2424 attractione
899 2366 998 2423 ortum
1017 2367 1070 2422 est.
1103 2363 1264 2422 uerisimile
1282 2364 1360 2422 enim
1380 2367 1436 2440 est,

267 2451 346 2530 quod
360 2470 408 2511 me
423 2453 539 2512 monuit
553 2452 722 2513 Fridericus
737 2453 806 2527 Leo,
825 2453 986 2528 Iosephum
1002 2454 1126 2529 propter
1139 2453 1240 2528 verbe,
1255 2472 1331 2528 quae
1346 2455 1436 2528 paulo

267 2560 358 2617 supra
381 2540 412 2600 in
436 2541 540 2601 eadem
563 2543 753 2620 paragrapho
777 2542 919 2618 leguntur
947 2533 1167 2623 (ἑτοιμότερον
1195 2534 1246 2602 ὧν
1275 2537 1372 2603 αὐτὸ(
1394 2574 1432 2584 -

266 2624 460 2711 ἐχαρίζετο),
479 2631 610 2692 noluisse
628 2631 745 2708 insequi
766 2625 882 2705 ὧνπερ.
920 2630 1046 2706 accedit,
1065 2631 1143 2706 quod
1162 2650 1199 2690 ne
1218 2631 1298 2708 apud
1317 2634 1437 2694 veteres

269 2719 388 2798 quidem
417 2720 525 2781 desunt
552 2720 698 2797 exempla,
726 2721 779 2780 ubi
805 2715 954 2795 τυγχάνω
979 2721 1148 2782 accusativo
1176 2720 1313 2797 inprimis
1339 2725 1436 2780 neutr.

269 2828 334 2885 gen.
355 2809 499 2886 iungatur
518 2811 601 2870 velut
621 2809 710 2887 Soph.
730 2811 806 2870 Phil.
826 2811 899 2872 509.
923 2809 995 2869 Oed.
1015 2808 1076 2869 Col.
1098 2812 1191 2870 1106.
1216 2808 1289 2871 Oed.
1307 2811 1343 2870 R.
1362 2813 1436 2872 598.

267 2898 370 2976 Antig.
392 2891 497 2980 7781)
534 2899 667 2975 Xenoph.
687 2899 804 2959 Hellen.
823 2899 867 2958 71
886 2901 982 2976 3,16,
1000 2889 1121 2980 alibi.²)¹

358 2987 394 3047 A.
409 2987 483 3047 VIII
498 2989 560 3048 401
583 2989 681 3048 exstet
700 2988 731 3047 in
749 2988 835 3048 libris
850 2986 932 3048 ROS
951 2983 1101 3063 ἔρεεθαι
1120 2979 1241 3070 (melius
1258 2988 1280 3045 P
1296 2983 1435 3069 ἐρέεθαι)

270 3076 328 3137 ron
352 3076 441 3152 θεοῦ,
464 3077 495 3137 in
519 3077 579 3138 MP
602 3073 659 3138 τὸν
683 3073 767 3138 θεὸν.
804 3078 887 3138 illam
906 3079 1085 3153 scripturam
1109 3079 1238 3153 probant
1260 3078 1384 3139 Niesius
1406 3086 1439 3138 et

268 3158 528 3248 wendluudiusl),
553 3167 629 3227 hanc
648 3167 798 3244 Neberus,
822 3168 872 3244 qui
895 3166 1017 3226 minime
1036 3167 1110 3225 mihi
1133 3166 1255 3226 dubium
1280 3171 1340 3245 est,
1364 3169 1435 3245 quin

267 3255 367 3316 verius
382 3255 565 3316 iudicaverit.
589 3274 642 3316 nee
657 3257 735 3316 enim
750 3275 878 3333 usquam
892 3257 950 3316 alio
964 3256 1030 3316 loeo
1044 3256 1216 3333 genetivum
1230 3256 1370 3334 legimus,
1385 3257 1436 3316 sed

271 3344 407 3405 omnibus
426 3345 534 3405 ceteris
554 3346 756 3406 accusativum
775 3347 860 3407 velut
878 3346 913 3405 A.
932 3346 948 3405 Ι
966 3347 1038 3405 336.
1062 3345 1105 3404 17
1125 3346 1175 3405 87.
1198 3346 1259 3406 107
1285 3337 1436 3426 (ἀνήρετο

268 3430 326 3495 τὸν
346 3426 444 3513 θεὸν).
468 3433 527 3494 VII
543 3437 569 3493 7.
582 3437 622 3495 76
643 3426 715 3515 (vois
736 3432 885 3511 βαειλέωε
905 3431 1060 3509 ἐρομένου
1079 3427 1252 3514 τὸνθεόν).
1272 3434 1437 3497 7111350.

269 3523 312 3581 XI
326 3525 375 3584 89.
394 3523 453 3583 XII
469 3525 518 3584 13.
540 3525 611 3584 213.
627 3523 701 3584 XIII
717 3526 788 3585 294.
808 3524 878 3583 XVI
895 3525 945 3583 35.
964 3523 1052 3582 XVII
1069 3524 1140 3583 143.
1160 3522 1263 3583 XVIII
1279 3526 1436 3586 186195.

272 3615 342 3673 196.
365 3614 438 3674 230.
458 3615 530 3676 251.
554 3613 623 3674 XIX
642 3616 691 3676 91.
714 3615 784 3674 159.
806 3615 877 3676 239.
899 3616 971 3674 270.
992 3613 1048 3689 Ap.
1062 3613 1093 3672 II
1110 3614 1182 3673 140.
1205 3615 1276 3674 178.
1315 3615 1436 3674 eandem

269 3701 387 3762 dicendi
406 3702 551 3762 rationem
572 3706 737 3780 sequuntur
751 3703 894 3779 Polybius
914 3695 988 3782 (XII
1009 3704 1082 3779 285,
1097 3692 1141 3784 4),
1162 3701 1343 3764 Plutarchus
1364 3705 1434 3762 Mar.

271 3793 289 3850 3
311 3783 399 3872 (331,
418 3783 487 3869 19),
508 3791 627 3869 Dionys.
647 3791 715 3850 Hal.
735 3791 777 3850 VI
798 3795 848 3864 56,
865 3794 898 3867 3,
917 3791 1065 3852 Lucienus
1086 3783 1180 3872 (deor.
1205 3809 1284 3852 conc.
1306 3784 1370 3874 13).
1406 3793 1435 3850 in

270 3879 354 3940 libris
383 3881 475 3941 sacris
499 3876 621 3956 ἐρέεθαι
650 3880 768 3941 omnino
796 3900 855 3940 non
883 3899 1036 3941 occurrere
1061 3880 1188 3940 videtur.
1224 3882 1383 3957 genetivus
1405 3882 1434 3940 in

270 3968 390 4046 losephi
409 3969 577 4046 scriptaad
601 3970 769 4046 exemplum
788 3969 874 4031 verbi
892 3964 1105 4030 πυνθάνεεθαι
1123 3970 1314 4029 librariorum
1337 3972 1433 4050 neglc-

270 4058 372 4135 gentia
389 4059 515 4137 illapsus
534 4062 588 4120 est.

358 4147 456 4208 Solius
476 4141 596 4225 losephi
613 4147 768 4226 proprium
787 4167 852 4208 esse
870 4147 990 4210 videtur
1013 4146 1202 4223 περιορᾶν
1220 4167 1288 4208 cum
1309 4148 1434 4225 simplici

269 4277 481 4287 ————-

359 4357 386 4425 1)
405 4353 535 4408 Kuehuer
552 4353 577 4408 Il
596 4359 688 4422 416,3
708 4355 771 4410 adn.
786 4361 811 4411 8.
905 4359 933 4424 a)
952 4353 1078 4425 Krueger
1097 4354 1269 4423 147‚1r,a.
1371 4383 1375 4392 ’

359 4427 386 4494 8)
406 4424 539 4479 deutsche
558 4425 799 4495 literatureeitung
819 4430 888 4482 1888
908 4446 935 4497 p.
950 4432 1011 4482 559.
