<?xml version="1.0" encoding="UTF-8"?>
<!DOCTYPE html PUBLIC "-//W3C//DTD XHTML 1.0 Transitional//EN"
    "http://www.w3.org/TR/xhtml1/DTD/xhtml1-transitional.dtd">
<html xmlns="http://www.w3.org/1999/xhtml" xml:lang="en" lang="en">
 <head>
  <title>
</title>
<meta http-equiv="Content-Type" content="text/html;charset=utf-8" />
  <meta name='ocr-system' content='tesseract 3.04.00' />
  <meta name='ocr-capabilities' content='ocr_page ocr_carea ocr_par ocr_line ocrx_word'/>
</head>
<body>
  <div class='ocr_page' id='page_1' title='image "./deflaviiiosephi00schmgoog_0054.png"; bbox 0 0 3166 5026; ppageno 0'>
   <div class='ocr_carea' id='block_1_1' title="bbox 671 1007 935 1082">
    <p class='ocr_par' dir='ltr' id='par_1_1' title="bbox 671 1007 935 1082">
     <span class='ocr_line' id='line_1_1' title="bbox 671 1007 935 1082; baseline 0.011 -3"><span class='ocrx_word' id='word_1_1' title='bbox 671 1007 818 1082; x_wconf 87' lang='lat' dir='ltr'><strong>Vita.</strong></span> <span class='ocrx_word' id='word_1_2' title='bbox 931 1065 935 1072; x_wconf 91' lang='lat'>.</span> 
     </span>
    </p>
   </div>
   <div class='ocr_carea' id='block_1_2' title="bbox 157 1293 1332 2551">
    <p class='ocr_par' dir='ltr' id='par_1_2' title="bbox 157 1293 1332 2551">
     <span class='ocr_line' id='line_1_2' title="bbox 275 1293 1332 1355; baseline 0.002 -3"><span class='ocrx_word' id='word_1_3' title='bbox 275 1293 422 1354; x_wconf 87' lang='lat' dir='ltr'><strong>Hemious</strong></span> <span class='ocrx_word' id='word_1_4' title='bbox 450 1293 620 1353; x_wconf 87' lang='lat' dir='ltr'><strong>Friderious</strong></span> <span class='ocrx_word' id='word_1_5' title='bbox 645 1293 812 1355; x_wconf 83' lang='lat' dir='ltr'><strong>Guilelmus</strong></span> <span class='ocrx_word' id='word_1_6' title='bbox 840 1295 975 1355; x_wconf 82' lang='lat' dir='ltr'><strong>Schmidt</strong></span> <span class='ocrx_word' id='word_1_7' title='bbox 1002 1296 1072 1354; x_wconf 89' lang='lat' dir='ltr'><strong>anni</strong></span> <span class='ocrx_word' id='word_1_8' title='bbox 1098 1295 1190 1355; x_wconf 91' lang='lat' dir='ltr'><strong>huius</strong></span> <span class='ocrx_word' id='word_1_9' title='bbox 1218 1295 1332 1354; x_wconf 84' lang='lat' dir='ltr'><strong>saeculi</strong></span> 
     </span>
     <span class='ocr_line' id='line_1_3' title="bbox 162 1401 1330 1480; baseline 0 -20"><span class='ocrx_word' id='word_1_10' title='bbox 162 1401 342 1478; x_wconf 82' lang='lat' dir='ltr'>sexagesimi</span> <span class='ocrx_word' id='word_1_11' title='bbox 366 1401 492 1460; x_wconf 90' lang='lat' dir='ltr'><strong>alterius</strong></span> <span class='ocrx_word' id='word_1_12' title='bbox 515 1401 563 1459; x_wconf 90' lang='lat' dir='ltr'><strong>die</strong></span> <span class='ocrx_word' id='word_1_13' title='bbox 587 1401 670 1460; x_wconf 88' lang='lat' dir='ltr'><strong>XXV</strong></span> <span class='ocrx_word' id='word_1_14' title='bbox 692 1403 803 1462; x_wconf 84' lang='lat' dir='ltr'><strong>mensis</strong></span> <span class='ocrx_word' id='word_1_15' title='bbox 822 1401 957 1480; x_wconf 78' lang='lat' dir='ltr'><strong>Augusti</strong></span> <span class='ocrx_word' id='word_1_16' title='bbox 974 1403 1005 1459; x_wconf 90' lang='lat' dir='ltr'><strong>in</strong></span> <span class='ocrx_word' id='word_1_17' title='bbox 1023 1402 1090 1464; x_wconf 88' lang='lat' dir='ltr'><strong>vioo</strong></span> <span class='ocrx_word' id='word_1_18' title='bbox 1108 1401 1330 1479; x_wconf 86' lang='lat' dir='ltr'><strong>Brnnsvioensi,</strong></span> 
     </span>
     <span class='ocr_line' id='line_1_4' title="bbox 160 1487 1330 1586; baseline -0.001 -19"><span class='ocrx_word' id='word_1_19' title='bbox 160 1506 213 1567; x_wconf 85' lang='lat' dir='ltr'><strong>oui</strong></span> <span class='ocrx_word' id='word_1_20' title='bbox 230 1527 339 1567; x_wconf 88' lang='lat' dir='ltr'><strong>nomon</strong></span> <span class='ocrx_word' id='word_1_21' title='bbox 358 1510 405 1567; x_wconf 87' lang='lat' dir='ltr'><strong>ast</strong></span> <span class='ocrx_word' id='word_1_22' title='bbox 423 1487 613 1583; x_wconf 75' lang='lat' dir='ltr'><strong>Harderode,</strong></span> <span class='ocrx_word' id='word_1_23' title='bbox 628 1511 715 1584; x_wconf 87' lang='lat' dir='ltr'><strong>patro</strong></span> <span class='ocrx_word' id='word_1_24' title='bbox 736 1507 899 1584; x_wconf 79' lang='lat' dir='ltr'><strong>Guilelmo,</strong></span> <span class='ocrx_word' id='word_1_25' title='bbox 920 1512 1016 1567; x_wconf 87' lang='lat' dir='ltr'><strong>matre</strong></span> <span class='ocrx_word' id='word_1_26' title='bbox 1035 1508 1187 1567; x_wconf 87' lang='lat' dir='ltr'><strong>Fridorioa</strong></span> <span class='ocrx_word' id='word_1_27' title='bbox 1206 1528 1222 1567; x_wconf 90' lang='lat' dir='ltr'><strong>e</strong></span> <span class='ocrx_word' id='word_1_28' title='bbox 1241 1509 1330 1586; x_wconf 85' lang='lat' dir='ltr'><strong>gente</strong></span> 
     </span>
     <span class='ocr_line' id='line_1_5' title="bbox 159 1614 1329 1694; baseline 0 -20"><span class='ocrx_word' id='word_1_29' title='bbox 159 1614 262 1675; x_wconf 80' lang='lat' dir='ltr'><strong>Grave</strong></span> <span class='ocrx_word' id='word_1_30' title='bbox 285 1618 376 1674; x_wconf 89' lang='lat' dir='ltr'><strong>natus</strong></span> <span class='ocrx_word' id='word_1_31' title='bbox 406 1633 481 1673; x_wconf 90' lang='lat' dir='ltr'><strong>sum.</strong></span> <span class='ocrx_word' id='word_1_32' title='bbox 522 1615 592 1675; x_wconf 88' lang='lat' dir='ltr'><strong>fidei</strong></span> <span class='ocrx_word' id='word_1_33' title='bbox 615 1616 807 1694; x_wconf 87' lang='lat' dir='ltr'><strong>euangelioae</strong></span> <span class='ocrx_word' id='word_1_34' title='bbox 831 1616 968 1675; x_wconf 83' lang='lat' dir='ltr'><strong>addictus</strong></span> <span class='ocrx_word' id='word_1_35' title='bbox 991 1616 1060 1675; x_wconf 87' lang='lat' dir='ltr'><strong>indo</strong></span> <span class='ocrx_word' id='word_1_36' title='bbox 1084 1616 1121 1675; x_wconf 93' lang='lat' dir='ltr'><strong>ab</strong></span> <span class='ocrx_word' id='word_1_37' title='bbox 1145 1634 1224 1675; x_wconf 89' lang='lat' dir='ltr'><strong>auno</strong></span> <span class='ocrx_word' id='word_1_38' title='bbox 1244 1615 1329 1675; x_wconf 84' lang='grc'>1877</span> 
     </span>
     <span class='ocr_line' id='line_1_6' title="bbox 160 1720 1330 1800; baseline 0 -19"><span class='ocrx_word' id='word_1_39' title='bbox 160 1720 382 1798; x_wconf 84' lang='lat' dir='ltr'><strong>Guelpherbyti</strong></span> <span class='ocrx_word' id='word_1_40' title='bbox 414 1722 530 1781; x_wconf 86' lang='lat' dir='ltr'><strong>artibus</strong></span> <span class='ocrx_word' id='word_1_41' title='bbox 562 1723 760 1783; x_wconf 89' lang='lat' dir='ltr'><strong>humanitatis</strong></span> <span class='ocrx_word' id='word_1_42' title='bbox 788 1742 909 1800; x_wconf 89' lang='lat' dir='ltr'><strong>operam</strong></span> <span class='ocrx_word' id='word_1_43' title='bbox 937 1723 1005 1781; x_wconf 88' lang='lat' dir='ltr'><strong>dedi</strong></span> <span class='ocrx_word' id='word_1_44' title='bbox 1034 1725 1065 1782; x_wconf 88' lang='lat' dir='ltr'><strong>at</strong></span> <span class='ocrx_word' id='word_1_45' title='bbox 1090 1723 1159 1782; x_wconf 88' lang='lat' dir='ltr'><strong>inde</strong></span> <span class='ocrx_word' id='word_1_46' title='bbox 1187 1721 1224 1781; x_wconf 89' lang='lat' dir='ltr'><strong>ab</strong></span> <span class='ocrx_word' id='word_1_47' title='bbox 1252 1740 1330 1781; x_wconf 89' lang='lat' dir='ltr'><strong>auno</strong></span> 
     </span>
     <span class='ocr_line' id='line_1_7' title="bbox 160 1826 1331 1904; baseline 0.001 -19"><span class='ocrx_word' id='word_1_48' title='bbox 160 1829 248 1888; x_wconf 80' lang='lat'>1882</span> <span class='ocrx_word' id='word_1_49' title='bbox 278 1828 413 1887; x_wconf 86' lang='lat' dir='ltr'><strong>examine</strong></span> <span class='ocrx_word' id='word_1_50' title='bbox 440 1827 627 1888; x_wconf 74' lang='lat' dir='ltr'><strong>maturitatis</strong></span> <span class='ocrx_word' id='word_1_51' title='bbox 656 1830 797 1904; x_wconf 89' lang='lat' dir='ltr'><strong>superato</strong></span> <span class='ocrx_word' id='word_1_52' title='bbox 820 1829 955 1904; x_wconf 86' lang='lat' dir='ltr'><strong>Lipsiae,</strong></span> <span class='ocrx_word' id='word_1_53' title='bbox 986 1826 1163 1904; x_wconf 79' lang='lat' dir='ltr'><strong>Gottingae,</strong></span> <span class='ocrx_word' id='word_1_54' title='bbox 1195 1826 1331 1886; x_wconf 89' lang='lat' dir='ltr'><strong>Berolini</strong></span> 
     </span>
     <span class='ocr_line' id='line_1_8' title="bbox 157 1934 1331 2012; baseline 0.001 -20"><span class='ocrx_word' id='word_1_55' title='bbox 157 1935 345 2012; x_wconf 88' lang='lat' dir='ltr'><strong>philologiae</strong></span> <span class='ocrx_word' id='word_1_56' title='bbox 368 1936 539 2012; x_wconf 83' lang='lat' dir='ltr'><strong>veterisque</strong></span> <span class='ocrx_word' id='word_1_57' title='bbox 563 1935 707 1995; x_wconf 87' lang='lat' dir='ltr'><strong>historiae</strong></span> <span class='ocrx_word' id='word_1_58' title='bbox 731 1936 840 1994; x_wconf 90' lang='lat' dir='ltr'><strong>studiis</strong></span> <span class='ocrx_word' id='word_1_59' title='bbox 863 1956 910 1994; x_wconf 88' lang='lat' dir='ltr'><strong>me</strong></span> <span class='ocrx_word' id='word_1_60' title='bbox 929 1935 1038 1995; x_wconf 91' lang='lat' dir='ltr'><strong>dedidi.</strong></span> <span class='ocrx_word' id='word_1_61' title='bbox 1079 1934 1206 1993; x_wconf 87' lang='lat' dir='ltr'><strong>interfui</strong></span> <span class='ocrx_word' id='word_1_62' title='bbox 1229 1937 1331 1993; x_wconf 89' lang='lat' dir='ltr'><strong>autem</strong></span> 
     </span>
     <span class='ocr_line' id='line_1_9' title="bbox 159 2040 1330 2120; baseline -0.003 -18"><span class='ocrx_word' id='word_1_63' title='bbox 159 2041 269 2102; x_wconf 89' lang='lat' dir='ltr'><strong>saholis</strong></span> <span class='ocrx_word' id='word_1_64' title='bbox 293 2043 355 2102; x_wconf 87' lang='lat' dir='ltr'><strong>sive</strong></span> <span class='ocrx_word' id='word_1_65' title='bbox 379 2041 659 2118; x_wconf 81' lang='lat' dir='ltr'><strong>exercitationibus,</strong></span> <span class='ocrx_word' id='word_1_66' title='bbox 688 2061 762 2120; x_wconf 90' lang='lat' dir='ltr'><strong>quas</strong></span> <span class='ocrx_word' id='word_1_67' title='bbox 790 2043 960 2101; x_wconf 88' lang='lat' dir='ltr'><strong>habuerunt</strong></span> <span class='ocrx_word' id='word_1_68' title='bbox 982 2043 1040 2103; x_wconf 87' lang='lat' dir='ltr'><strong>viri</strong></span> <span class='ocrx_word' id='word_1_69' title='bbox 1064 2040 1228 2101; x_wconf 83' lang='lat' dir='ltr'><strong>doctissimi</strong></span> <span class='ocrx_word' id='word_1_70' title='bbox 1250 2041 1330 2099; x_wconf 91' lang='lat' dir='ltr'><strong>Bau·</strong></span> 
     </span>
     <span class='ocr_line' id='line_1_10' title="bbox 159 2147 1331 2227; baseline -0.001 -21"><span class='ocrx_word' id='word_1_71' title='bbox 159 2167 260 2223; x_wconf 85' lang='lat' dir='ltr'><strong>mann,</strong></span> <span class='ocrx_word' id='word_1_72' title='bbox 274 2149 382 2225; x_wconf 90' lang='lat' dir='ltr'><strong>Brnus,</strong></span> <span class='ocrx_word' id='word_1_73' title='bbox 399 2147 529 2225; x_wconf 83' lang='lat' dir='ltr'><strong>Curtius,</strong></span> <span class='ocrx_word' id='word_1_74' title='bbox 547 2148 641 2220; x_wconf 86' lang='lat' dir='ltr'><strong>Diels,</strong></span> <span class='ocrx_word' id='word_1_75' title='bbox 660 2149 794 2227; x_wconf 88' lang='lat' dir='ltr'><strong>Dilthey,</strong></span> <span class='ocrx_word' id='word_1_76' title='bbox 813 2149 981 2226; x_wconf 84' lang='lat' dir='ltr'><strong>Holzapfel,</strong></span> <span class='ocrx_word' id='word_1_77' title='bbox 1000 2149 1153 2226; x_wconf 89' lang='lat' dir='ltr'><strong>Kielhorn,</strong></span> <span class='ocrx_word' id='word_1_78' title='bbox 1167 2147 1331 2224; x_wconf 86' lang='lat' dir='ltr'><strong>Kirohhoff,</strong></span> 
     </span>
     <span class='ocr_line' id='line_1_11' title="bbox 159 2251 1329 2334; baseline 0.001 -22"><span class='ocrx_word' id='word_1_79' title='bbox 159 2251 290 2331; x_wconf 85' lang='lat' dir='ltr'><strong>Lipsius,</strong></span> <span class='ocrx_word' id='word_1_80' title='bbox 314 2254 443 2332; x_wconf 81' lang='lat' dir='ltr'><strong>Sauppe,</strong></span> <span class='ocrx_word' id='word_1_81' title='bbox 463 2254 585 2331; x_wconf 85' lang='lat' dir='ltr'><strong>Vahlen,</strong></span> <span class='ocrx_word' id='word_1_82' title='bbox 605 2257 822 2334; x_wconf 88' lang='lat' dir='ltr'><strong>Volquardsen,</strong></span> <span class='ocrx_word' id='word_1_83' title='bbox 842 2257 878 2316; x_wconf 92' lang='lat' dir='ltr'><strong>de</strong></span> <span class='ocrx_word' id='word_1_84' title='bbox 899 2253 1329 2315; x_wconf 80' lang='lat' dir='ltr'><strong>Wilamowitn-Moellendorff.</strong></span> 
     </span>
     <span class='ocr_line' id='line_1_12' title="bbox 160 2361 1330 2440; baseline -0.001 -20"><span class='ocrx_word' id='word_1_85' title='bbox 160 2361 200 2420; x_wconf 91' lang='lat' dir='ltr'><strong>ab</strong></span> <span class='ocrx_word' id='word_1_86' title='bbox 219 2361 315 2420; x_wconf 89' lang='lat' dir='ltr'><strong>hieme</strong></span> <span class='ocrx_word' id='word_1_87' title='bbox 335 2363 406 2420; x_wconf 89' lang='lat' dir='ltr'><strong>anni</strong></span> <span class='ocrx_word' id='word_1_88' title='bbox 428 2365 511 2422; x_wconf 83' lang='lat'>1885</span> <span class='ocrx_word' id='word_1_89' title='bbox 531 2363 563 2421; x_wconf 91' lang='lat' dir='ltr'><strong>in</strong></span> <span class='ocrx_word' id='word_1_90' title='bbox 581 2364 731 2440; x_wconf 84' lang='lat' dir='ltr'><strong>gymnasii</strong></span> <span class='ocrx_word' id='word_1_91' title='bbox 745 2363 972 2424; x_wconf 89' lang='lat' dir='ltr'><strong>Brunsviosnsis</strong></span> <span class='ocrx_word' id='word_1_92' title='bbox 991 2363 1091 2439; x_wconf 81' lang='lat' dir='ltr'><strong>realia,</strong></span> <span class='ocrx_word' id='word_1_93' title='bbox 1116 2363 1195 2440; x_wconf 91' lang='lat' dir='ltr'><strong>quod</strong></span> <span class='ocrx_word' id='word_1_94' title='bbox 1210 2361 1330 2439; x_wconf 85' lang='lat' dir='ltr'><strong>dicitur,</strong></span> 
     </span>
     <span class='ocr_line' id='line_1_13' title="bbox 158 2469 1330 2551; baseline -0.001 -23"><span class='ocrx_word' id='word_1_95' title='bbox 158 2469 261 2545; x_wconf 88' lang='lat' dir='ltr'><strong>pueris</strong></span> <span class='ocrx_word' id='word_1_96' title='bbox 288 2469 483 2528; x_wconf 87' lang='lat' dir='ltr'><strong>instituendis</strong></span> <span class='ocrx_word' id='word_1_97' title='bbox 514 2489 635 2546; x_wconf 88' lang='lat' dir='ltr'><strong>operam</strong></span> <span class='ocrx_word' id='word_1_98' title='bbox 665 2471 792 2546; x_wconf 87' lang='lat' dir='ltr'><strong>oolloeo,</strong></span> <span class='ocrx_word' id='word_1_99' title='bbox 821 2470 906 2551; x_wconf 91' lang='lat' dir='ltr'><strong>prius</strong></span> <span class='ocrx_word' id='word_1_100' title='bbox 936 2471 967 2528; x_wconf 93' lang='lat' dir='ltr'><strong>in</strong></span> <span class='ocrx_word' id='word_1_101' title='bbox 998 2470 1165 2528; x_wconf 87' lang='lat' dir='ltr'><strong>subsidium</strong></span> <span class='ocrx_word' id='word_1_102' title='bbox 1196 2471 1330 2546; x_wconf 81' lang='lat' dir='ltr'><strong>vocatus,</strong></span> 
     </span>
    </p>
   </div>
   <div class='ocr_carea' id='block_1_3' title="bbox 157 2567 1331 3188">
    <p class='ocr_par' dir='ltr' id='par_1_3' title="bbox 157 2567 1331 3188">
     <span class='ocr_line' id='line_1_14' title="bbox 159 2567 1331 2654; baseline -0.001 -19"><span class='ocrx_word' id='word_1_103' title='bbox 159 2579 226 2635; x_wconf 89' lang='lat' dir='ltr'><strong>tum</strong></span> <span class='ocrx_word' id='word_1_104' title='bbox 257 2577 403 2636; x_wconf 80' lang='lat' dir='ltr'><strong>facultate</strong></span> <span class='ocrx_word' id='word_1_105' title='bbox 434 2577 560 2636; x_wconf 83' lang='lat' dir='ltr'><strong>docendi</strong></span> <span class='ocrx_word' id='word_1_106' title='bbox 589 2578 660 2636; x_wconf 89' lang='lat' dir='ltr'><strong>anni</strong></span> <span class='ocrx_word' id='word_1_107' title='bbox 692 2580 776 2637; x_wconf 90' lang='grc'>1888</span> <span class='ocrx_word' id='word_1_108' title='bbox 805 2596 906 2636; x_wconf 91' lang='lat' dir='ltr'><strong>mense</strong></span> <span class='ocrx_word' id='word_1_109' title='bbox 933 2567 1099 2637; x_wconf 83' lang='lat' dir='ltr'><strong>Februario</strong></span> <span class='ocrx_word' id='word_1_110' title='bbox 1127 2580 1216 2654; x_wconf 81' lang='lat' dir='ltr'><strong>parta</strong></span> <span class='ocrx_word' id='word_1_111' title='bbox 1243 2576 1331 2636; x_wconf 88' lang='lat' dir='ltr'><strong>iussu</strong></span> 
     </span>
     <span class='ocr_line' id='line_1_15' title="bbox 158 2681 1330 2761; baseline 0 -20"><span class='ocrx_word' id='word_1_112' title='bbox 158 2682 282 2742; x_wconf 89' lang='lat' dir='ltr'><strong>Domini</strong></span> <span class='ocrx_word' id='word_1_113' title='bbox 296 2681 463 2759; x_wconf 85' lang='lat' dir='ltr'><strong>Albreohti,</strong></span> <span class='ocrx_word' id='word_1_114' title='bbox 477 2686 679 2744; x_wconf 88' lang='lat' dir='ltr'><strong>Borussorum</strong></span> <span class='ocrx_word' id='word_1_115' title='bbox 693 2685 848 2761; x_wconf 80' lang='lat' dir='ltr'><strong>Principis,</strong></span> <span class='ocrx_word' id='word_1_116' title='bbox 868 2685 919 2761; x_wconf 90' lang='lat' dir='ltr'><strong>qui</strong></span> <span class='ocrx_word' id='word_1_117' title='bbox 933 2685 1013 2744; x_wconf 87' lang='lat' dir='ltr'><strong>idem</strong></span> <span class='ocrx_word' id='word_1_118' title='bbox 1027 2685 1171 2743; x_wconf 77' lang='lat' dir='ltr'><strong>ducatum</strong></span> <span class='ocrx_word' id='word_1_119' title='bbox 1185 2681 1330 2742; x_wconf 88' lang='lat' dir='ltr'><strong>Bruusvi·</strong></span> 
     </span>
     <span class='ocr_line' id='line_1_16' title="bbox 159 2789 1330 2868; baseline -0.002 -19"><span class='ocrx_word' id='word_1_120' title='bbox 159 2809 279 2849; x_wconf 87' lang='lat' dir='ltr'><strong>oensem</strong></span> <span class='ocrx_word' id='word_1_121' title='bbox 307 2791 388 2868; x_wconf 89' lang='lat' dir='ltr'><strong>regit</strong></span> <span class='ocrx_word' id='word_1_122' title='bbox 417 2794 447 2850; x_wconf 91' lang='lat' dir='ltr'><strong>et</strong></span> <span class='ocrx_word' id='word_1_123' title='bbox 475 2790 637 2867; x_wconf 87' lang='lat' dir='ltr'><strong>gubernat,</strong></span> <span class='ocrx_word' id='word_1_124' title='bbox 670 2810 747 2850; x_wconf 89' lang='lat' dir='ltr'><strong>anuo</strong></span> <span class='ocrx_word' id='word_1_125' title='bbox 778 2793 863 2850; x_wconf 90' lang='grc'>1890</span> <span class='ocrx_word' id='word_1_126' title='bbox 890 2811 1012 2851; x_wconf 87' lang='lat' dir='ltr'><strong>munere</strong></span> <span class='ocrx_word' id='word_1_127' title='bbox 1042 2790 1162 2866; x_wconf 83' lang='lat' dir='ltr'><strong>publico</strong></span> <span class='ocrx_word' id='word_1_128' title='bbox 1192 2789 1330 2866; x_wconf 88' lang='lat' dir='ltr'><strong>magistri</strong></span> 
     </span>
     <span class='ocr_line' id='line_1_17' title="bbox 159 2891 1330 2975; baseline 0 -21"><span class='ocrx_word' id='word_1_129' title='bbox 159 2898 310 2975; x_wconf 85' lang='lat' dir='ltr'><strong>gymnasii</strong></span> <span class='ocrx_word' id='word_1_130' title='bbox 340 2891 471 2957; x_wconf 83' lang='lat' dir='ltr'><strong>ornatus</strong></span> <span class='ocrx_word' id='word_1_131' title='bbox 524 2916 647 2956; x_wconf 85' lang='lat' dir='ltr'><strong>examen</strong></span> <span class='ocrx_word' id='word_1_132' title='bbox 677 2897 846 2974; x_wconf 88' lang='lat' dir='ltr'><strong>rigorosum</strong></span> <span class='ocrx_word' id='word_1_133' title='bbox 876 2897 924 2956; x_wconf 91' lang='lat' dir='ltr'><strong>die</strong></span> <span class='ocrx_word' id='word_1_134' title='bbox 953 2897 1026 2956; x_wconf 90' lang='lat' dir='ltr'><strong>XVI</strong></span> <span class='ocrx_word' id='word_1_135' title='bbox 1053 2897 1162 2956; x_wconf 89' lang='lat' dir='ltr'><strong>mensis</strong></span> <span class='ocrx_word' id='word_1_136' title='bbox 1194 2895 1330 2954; x_wconf 88' lang='lat' dir='ltr'><strong>Ianuarii</strong></span> 
     </span>
     <span class='ocr_line' id='line_1_18' title="bbox 158 3002 1328 3082; baseline -0.002 -20"><span class='ocrx_word' id='word_1_137' title='bbox 158 3005 251 3063; x_wconf 91' lang='lat' dir='ltr'><strong>huius</strong></span> <span class='ocrx_word' id='word_1_138' title='bbox 275 3005 345 3063; x_wconf 91' lang='lat' dir='ltr'><strong>anni</strong></span> <span class='ocrx_word' id='word_1_139' title='bbox 369 3004 493 3082; x_wconf 83' lang='lat' dir='ltr'><strong>absolvi.</strong></span> <span class='ocrx_word' id='word_1_140' title='bbox 531 3005 669 3063; x_wconf 91' lang='lat' dir='ltr'><strong>omnibus</strong></span> <span class='ocrx_word' id='word_1_141' title='bbox 688 3005 769 3081; x_wconf 87' lang='lat' dir='ltr'><strong>viris,</strong></span> <span class='ocrx_word' id='word_1_142' title='bbox 789 3005 841 3081; x_wconf 92' lang='lat' dir='ltr'><strong>qui</strong></span> <span class='ocrx_word' id='word_1_143' title='bbox 865 3023 911 3062; x_wconf 89' lang='lat' dir='ltr'><strong>me</strong></span> <span class='ocrx_word' id='word_1_144' title='bbox 935 3004 1111 3080; x_wconf 84' lang='lat' dir='ltr'><strong>docuerunt,</strong></span> <span class='ocrx_word' id='word_1_145' title='bbox 1131 3002 1246 3080; x_wconf 88' lang='lat' dir='ltr'><strong>gratias</strong></span> <span class='ocrx_word' id='word_1_146' title='bbox 1270 3021 1328 3080; x_wconf 91' lang='lat' dir='ltr'><strong>ago</strong></span> 
     </span>
     <span class='ocr_line' id='line_1_19' title="bbox 157 3109 1329 3188; baseline -0.003 -18"><span class='ocrx_word' id='word_1_147' title='bbox 157 3111 318 3188; x_wconf 83' lang='lat' dir='ltr'><strong>maximas,</strong></span> <span class='ocrx_word' id='word_1_148' title='bbox 337 3111 473 3187; x_wconf 89' lang='lat' dir='ltr'><strong>inprimis</strong></span> <span class='ocrx_word' id='word_1_149' title='bbox 492 3112 676 3171; x_wconf 86' lang='lat' dir='ltr'><strong>Friderioo</strong></span> <span class='ocrx_word' id='word_1_150' title='bbox 692 3111 761 3170; x_wconf 89' lang='lat' dir='ltr'><strong>Leo</strong></span> <span class='ocrx_word' id='word_1_151' title='bbox 778 3116 809 3170; x_wconf 92' lang='lat' dir='ltr'><strong>et</strong></span> <span class='ocrx_word' id='word_1_152' title='bbox 822 3111 995 3170; x_wconf 87' lang='lat' dir='ltr'><strong>Udalrioo</strong></span> <span class='ocrx_word' id='word_1_153' title='bbox 1010 3110 1051 3170; x_wconf 91' lang='lat' dir='ltr'><strong>de</strong></span> <span class='ocrx_word' id='word_1_154' title='bbox 1066 3109 1329 3169; x_wconf 84' lang='lat' dir='ltr'><strong>Wilamowitn·</strong></span> 
     </span>
    </p>
   </div>
   <div class='ocr_carea' id='block_1_4' title="bbox 157 3217 1329 3509">
    <p class='ocr_par' dir='ltr' id='par_1_4' title="bbox 157 3217 1329 3509">
     <span class='ocr_line' id='line_1_20' title="bbox 158 3217 1329 3293; baseline -0.002 -17"><span class='ocrx_word' id='word_1_155' title='bbox 158 3219 191 3276; x_wconf 90' lang='lat' dir='ltr'><strong>M</strong></span> <span class='ocrx_word' id='word_1_156' title='bbox 197 3218 428 3277; x_wconf 87' lang='lat' dir='ltr'><strong>oellsndorff</strong></span> <span class='ocrx_word' id='word_1_157' title='bbox 445 3237 498 3293; x_wconf 89' lang='lat' dir='ltr'><strong>pro</strong></span> <span class='ocrx_word' id='word_1_158' title='bbox 516 3237 633 3276; x_wconf 89' lang='lat' dir='ltr'><strong>summa</strong></span> <span class='ocrx_word' id='word_1_159' title='bbox 651 3218 683 3277; x_wconf 91' lang='lat' dir='ltr'><strong>in</strong></span> <span class='ocrx_word' id='word_1_160' title='bbox 700 3239 747 3277; x_wconf 90' lang='lat' dir='ltr'><strong>me</strong></span> <span class='ocrx_word' id='word_1_161' title='bbox 762 3218 951 3277; x_wconf 89' lang='lat' dir='ltr'><strong>humanitate</strong></span> <span class='ocrx_word' id='word_1_162' title='bbox 966 3237 1001 3276; x_wconf 83' lang='lat' dir='ltr'><strong>aa</strong></span> <span class='ocrx_word' id='word_1_163' title='bbox 1016 3217 1232 3277; x_wconf 85' lang='lat' dir='ltr'><strong>benevolentia.</strong></span> <span class='ocrx_word' id='word_1_164' title='bbox 1268 3234 1329 3274; x_wconf 91' lang='lat' dir='ltr'><strong>non</strong></span> 
     </span>
     <span class='ocr_line' id='line_1_21' title="bbox 157 3321 1329 3402; baseline -0.003 -18"><span class='ocrx_word' id='word_1_165' title='bbox 157 3325 306 3384; x_wconf 87' lang='lat' dir='ltr'><strong>minorem</strong></span> <span class='ocrx_word' id='word_1_166' title='bbox 340 3325 471 3402; x_wconf 87' lang='lat' dir='ltr'><strong>gratiam</strong></span> <span class='ocrx_word' id='word_1_167' title='bbox 505 3325 599 3384; x_wconf 89' lang='lat' dir='ltr'><strong>habeo</strong></span> <span class='ocrx_word' id='word_1_168' title='bbox 635 3325 786 3384; x_wconf 82' lang='lat' dir='ltr'><strong>Alfredo</strong></span> <span class='ocrx_word' id='word_1_169' title='bbox 822 3324 1020 3401; x_wconf 85' lang='lat' dir='ltr'><strong>Eberhard,</strong></span> <span class='ocrx_word' id='word_1_170' title='bbox 1053 3323 1118 3384; x_wconf 90' lang='lat' dir='ltr'><strong>viro</strong></span> <span class='ocrx_word' id='word_1_171' title='bbox 1149 3321 1329 3400; x_wconf 82' lang='lat' dir='ltr'><strong>doctissimo,</strong></span> 
     </span>
     <span class='ocr_line' id='line_1_22' title="bbox 157 3428 1268 3509; baseline -0.002 -19"><span class='ocrx_word' id='word_1_172' title='bbox 157 3431 241 3509; x_wconf 90' lang='lat' dir='ltr'><strong>quod</strong></span> <span class='ocrx_word' id='word_1_173' title='bbox 263 3431 377 3508; x_wconf 86' lang='lat' dir='ltr'><strong>primus</strong></span> <span class='ocrx_word' id='word_1_174' title='bbox 401 3431 476 3490; x_wconf 91' lang='lat' dir='ltr'><strong>mihi</strong></span> <span class='ocrx_word' id='word_1_175' title='bbox 499 3435 605 3492; x_wconf 84' lang='lat' dir='ltr'><strong>auctor</strong></span> <span class='ocrx_word' id='word_1_176' title='bbox 627 3432 687 3492; x_wconf 83' lang='lat' dir='ltr'><strong>fuit</strong></span> <span class='ocrx_word' id='word_1_177' title='bbox 709 3431 808 3490; x_wconf 77' lang='lat' dir='ltr'><strong>Flavii</strong></span> <span class='ocrx_word' id='word_1_178' title='bbox 831 3430 952 3508; x_wconf 90' lang='lat' dir='ltr'><strong>Iosephi</strong></span> <span class='ocrx_word' id='word_1_179' title='bbox 974 3431 1086 3508; x_wconf 83' lang='lat' dir='ltr'><strong>scripta</strong></span> <span class='ocrx_word' id='word_1_180' title='bbox 1110 3428 1268 3489; x_wconf 84' lang='lat' dir='ltr'><strong>tractandi.</strong></span> 
     </span>
    </p>
   </div>
   <div class='ocr_carea' id='block_1_5' title="bbox 0 0 1588 5026">
    <p class='ocr_par' dir='ltr' id='par_1_5' title="bbox 0 0 1588 5026">
     <span class='ocr_line' id='line_1_23' title="bbox 0 0 1588 5026; baseline 0 1"><span class='ocrx_word' id='word_1_181' title='bbox 0 0 1588 5026; x_wconf 95' lang='lat' dir='ltr'><strong> </strong></span> 
     </span>
    </p>
   </div>
  </div>
 </body>
</html>
