3166 5026
301 314 343 373 Do
361 315 450 375 Flavii
469 317 582 389 Iosephi
600 318 758 375 elocutione
777 316 987 375 observationes
1006 315 1128 374 criticae.
1183 340 1189 352 ·
1257 315 1300 382 35

132 480 306 570 genetivo¹)
325 507 403 548 nuuc
421 491 623 552 accusatirum
643 490 687 549 rei
712 491 846 549 iunctum
870 485 1008 567 genetivo
1031 506 1176 563 personae
1200 488 1298 547 habet.

132 576 209 636 hanc
238 577 396 638 dictionem
424 578 569 655 Iosephus
598 599 716 656 quoque
745 579 880 655 sequitur
903 577 939 637 A.
958 577 1033 636 VIII
1053 578 1114 637 355
1145 569 1233 658 (γῆν,
1260 574 1300 652 ἣν

130 661 366 742 ἐκληρονόμηεε
393 667 450 728 τοῦ
479 663 628 746 πατρόε),
654 669 692 728 ib.
715 670 787 728 359.
806 667 848 726 XI
870 669 941 727 120.
986 666 1134 726 consentit
1162 667 1240 725 idem
1269 665 1301 724 in

130 754 189 812 hac
221 774 253 814 rs
286 775 353 816 cum
379 756 519 835 Polybio,
547 749 725 840 Diodoro²),
757 748 927 838 Philoness),
955 774 1009 814 neo
1035 773 1093 814 non
1125 773 1191 813 cum
1220 754 1301 813 LXX

130 835 236 923 viris⁴)
256 848 287 904 ct
300 845 338 903 N.
350 839 415 926 1⁶)
432 852 462 906 et
476 866 547 906 oum
557 840 725 927 Lucienofi)
749 850 880 905 ceterum
896 865 960 904 cum
976 844 1129 904 veteribus
1143 844 1203 904 Β.Ι
1217 845 1297 916 23,1

130 922 200 1014 (86,
217 925 252 1014 6)
272 934 417 1010 Iosephus
440 935 589 1013 congruit:
616 935 844 1011 κληρονομοῦει
871 935 927 1009 τῆε
955 930 1102 1012 μητρῴαε
1129 928 1160 992 οἱ
1188 933 1300 993 παῖδε(

130 1017 239 1096 ὀργῆε.
268 1030 424 1099 praeterea
443 1025 593 1084 sciendum
614 1030 660 1085 est
676 1025 837 1101 Iosephum
855 1024 911 1083 hoc
924 1023 1016 1084 verbo
1031 1023 1123 1082 semel
1136 1023 1180 1081 iba
1196 1022 1248 1100 uti,
1268 1028 1302 1080 ut

130 1112 181 1186 sit,
201 1113 280 1187 quod
299 1132 353 1173 nos
373 1115 498 1173 dicimus
514 1107 612 1174 ‘einen
626 1107 780 1174 beerben':
800 1112 900 1172 AXX
911 1114 972 1171 241
990 1111 1181 1186 κληρονομεῖ
1195 1108 1231 1170 δὲ
1250 1107 1301 1171 καὶ

130 1200 252 1261 τοῦτον
264 1196 418 1282 ιόιδελφόε
437 1197 659 1279 Ἀλέξανδροε,
680 1223 767 1281 quam
792 1206 974 1262 structuram
995 1201 1066 1260 Gen.
1085 1202 1169 1277 15,4
1188 1199 1301 1275 κληρο-

131 1286 262 1365 νομήεει
282 1307 314 1351 εε
335 1293 598 1368 deprehendimus,
618 1311 798 1370 quamquam
816 1292 928 1351 ibidem
948 1293 1057 1366 21,10
1076 1289 1168 1349 habes
1188 1289 1300 1365 κληρο-

132 1378 263 1453 νομήεει
282 1381 338 1455 τῆε
356 1377 517 1455 παιδίεκηε
544 1387 578 1441 ut
601 1383 682 1458 opud
701 1381 864 1441 Lucienum
888 1373 972 1463 (dish
992 1381 1077 1440 mort.
1099 1381 1183 1454 11,3
1203 1373 1300 1439 Ἀντι-

132 1466 267 1528 εθένουε
294 1462 572 1553 ἑκλημονόμηεαε).
608 1474 717 1548 restat,
745 1476 780 1530 ut
808 1471 915 1530 addam
943 1469 1107 1529 Aristidem
1132 1468 1300 1528 Atticorum

129 1557 307 1634 genetivum
326 1559 370 1618 rei
388 1560 529 1620 reducere
549 1552 742 1642 studuisse.⁷)

222 1646 258 1707 A.
277 1647 309 1708 ΙΙ
327 1650 389 1708 329
417 1649 551 1708 inlibris
575 1650 712 1709 omnibus
736 1649 865 1726 legimus
888 1647 939 1728 τῷ
964 1647 1037 1728 θεῷ
1060 1641 1303 1721 κατεφρόνει.

132 1737 208 1795 haec
222 1736 315 1796 verba
329 1737 359 1797 in
374 1738 498 1798 dubium
512 1741 631 1798 vocavit
644 1731 846 1818 Ernestius8),
865 1757 930 1798 oum
946 1737 1102 1798 scriberet:
1124 1730 1194 1796 ‘nou
1209 1755 1240 1795 se
1256 1755 1301 1794 ex·

132 1825 261 1900 pcdiunt
279 1826 468 1903 interpretes.
504 1831 537 1888 tu
556 1829 623 1906 lege
643 1823 717 1888 οὔτε
736 1827 795 1888 τοιῖ
814 1827 890 1888 θεοῦ
909 1820 1125 1901 κατεφρόνει.’
1163 1826 1306 1896 hocloco

132 1915 324 1990 potissimum
361 1917 392 1975 iu
423 1918 649 1993 partIcipiorum
681 1917 903 1995 insequentium
932 1907 1111 1994 genetiuis9)
1145 1914 1301 1974 offendisse

131 2003 261 2063 videtur.
298 2006 378 2064 idem
396 2007 416 2066 1.
435 2007 454 2065 l.
473 2028 501 2083 p.
518 2009 580 2067 183
601 2005 717 2083 Cocceji
735 2007 934 2066 coniecturam
953 2006 992 2064 ad
1010 2004 1046 2063 A.
1060 2005 1115 2062 XX
1130 2007 1169 2064 91
1191 1996 1300 2086 (κατα-

133 2091 341 2169 φρονήεαεαν
360 2091 460 2155 αὐτοῦ
482 2095 546 2171 τῆε
570 2087 799 2176 ἀποδημίαε)
824 2096 986 2170 prolatam,
1009 2094 1060 2170 qui
1083 2095 1121 2174 τῇ
1141 2087 1302 2172 ἀποδημίᾳ

133 2183 225 2241 scribi
253 2183 388 2257 iubebat,
417 2204 539 2260 prorsus
567 2185 728 2246 damnavit.
771 2186 844 2244 item
877 2203 943 2243 eam
971 2183 1092 2242 Niesius
1124 2187 1302 2259 aspernatus

132 2274 198 2330 est:
226 2273 278 2332 sed
298 2278 399 2332 tamen
414 2273 529 2350 Oooceji
548 2275 715 2334 emendatio
734 2275 808 2333 mihi
826 2278 861 2332 ut
875 2273 993 2332 Nabero
1013 2290 1130 2348 quoque
1148 2273 1302 2350 probatur,

130 2360 214 2419 iliius
234 2362 381 2438 displicet.
413 2381 483 2422 nam
502 2365 577 2423 duee
596 2364 681 2425 verbi
699 2361 917 2438 καταφρονεῖν
936 2362 1073 2421 notiones
1092 2361 1302 2420 discernendae

130 2453 216 2509 sunt:
241 2452 349 2528 altera,
373 2472 432 2528 qua
452 2452 602 2529 significat
620 2447 834 2526 ‘contemnere
854 2444 1015 2527 despicere’
1035 2454 1070 2510 ut
1088 2451 1167 2527 apud
1187 2453 1301 2510 ceteros

131 2539 293 2615 scriptores
311 2559 414 2601 omnes
434 2542 574 2620 genetiVo
593 2542 769 2618 adiungitur
787 2562 805 2602 a
823 2541 950 2617 Iosepho
970 2541 1054 2599 velut
1073 2539 1108 2600 A.
1128 2539 1207 2600 143.
1228 2541 1300 2599 311.

128 2627 163 2686 Π
182 2631 254 2689 207.
275 2632 347 2690 286.
366 2630 413 2689 ΠΙ
433 2632 485 2691 85.
504 2631 563 2690 XII
578 2635 651 2691 242.
672 2635 745 2692 292.
766 2633 839 2692 357.
859 2631 934 2690 425.
952 2630 1026 2689 XIII
1043 2632 1114 2689 122.
1135 2632 1208 2689 200.
1229 2632 1301 2687 274.

128 2715 186 2775 XX
203 2721 358 2780 126175.
377 2721 411 2781 Β.
426 2720 457 2778 II
470 2722 549 2794 16,4
562 2713 651 2802 (185,
662 2713 728 2799 22).
749 2721 804 2796 Ap.
820 2721 851 2779 H
861 2724 912 2779 47.
924 2720 997 2779 255.
1009 2720 1081 2778 264.
1094 2720 1166 2796 294,
1181 2719 1301 2794 passim,

131 2807 185 2866 scd
204 2809 316 2883 altera,
335 2828 412 2886 quae
431 2814 478 2868 est
495 2803 685 2884 ‘confidere',
700 2810 801 2872 dativo
821 2810 904 2872 velut
917 2808 953 2870 A.
968 2808 999 2866 II
1014 2809 1076 2867 256
1097 2809 1134 2886 τῇ
1154 2803 1301 2886 καρτερίᾳ

130 2898 360 2976 καταφρονῶν,
397 2899 440 2958 ΙΧ
460 2900 501 2959 55
534 2896 610 2959 θεὸν
643 2894 669 2979 ᾧ
703 2892 852 2979 ευμμάχηι
885 2895 1101 2972 καταφρονῶν
1133 2891 1228 2971 ἀδεὴε
1261 2893 1301 2972 ἠν

129 2979 206 3044 ‘Deo
234 2987 382 3046 confidens
410 2987 526 3048 timoris
555 3007 660 3064 expers
688 2981 778 3064 erat',
807 2988 842 3047 A.
863 2987 906 3045 IV
926 2987 989 3047 285
1015 2984 1230 3060 καταφρονῶν
1253 2987 1300 3066 τῷ

130 3072 252 3150 μηδένα
271 3070 351 3136 εἶναι
370 3073 428 3137 τόν
446 3074 667 3152 ἐξελέγξοντα,
686 3079 726 3137 ib.
739 3077 799 3136 VII
820 3080 858 3139 61
880 3075 1160 3151 καταφρονοῦντεε
1179 3077 1217 3155 τῇ
1236 3075 1300 3136 τῶν

129 3163 247 3238 τειχῶν
267 3159 448 3240 ὀχυρότητι,
473 3167 548 3226 VIII
568 3170 629 3226 371
650 3165 716 3227 τῶν
735 3166 850 3241 τειχῶν
870 3161 917 3226 cic
936 3165 1146 3240 καταφρονεῖ,
1166 3164 1239 3223 XIII
1259 3169 1300 3226 92

128 3255 168 3333 τῇ
182 3249 272 3333 ἵππῳ
288 3254 511 3330 καταφρονῶν,
530 3256 602 3314 item
616 3255 691 3315 VIII
707 3259 757 3316 29.
772 3256 815 3314 IX
831 3258 880 3316 82.
912 3257 984 3316 haec
998 3261 1100 3314 autem
1114 3247 1301 3314 ‘confidendi'

130 3343 309 3419 significatio
324 3344 440 3404 duobus
455 3345 514 3404 iilis
530 3345 603 3404 locis
618 3347 778 3404 statuenda
792 3349 847 3404 est.
873 3346 911 3404 ab
928 3346 1119 3420 altersparte
1129 3344 1226 3404 Moses
1238 3344 1300 3403 Deo

130 3431 260 3503 confidit,
280 3434 388 3510 quippe
407 3435 459 3510 qui
475 3434 595 3494 Iudaeis
614 3435 713 3494 omnia
731 3434 976 3512 suppedItaverit,
996 3435 1110 3510 sibique
1125 3452 1300 3509 persuasum

131 3523 224 3579 habet
243 3520 338 3580 Deum
357 3542 395 3582 ne
417 3526 482 3582 tum
507 3523 626 3599 quidem
645 3523 772 3583 Iudaeos
796 3523 919 3582 interire
944 3543 1117 3599 passurum,
1141 3525 1179 3582 ab
1203 3525 1299 3581 altera

132 3602 202 3690 (XX
223 3604 279 3691 91)
305 3611 381 3672 duae
404 3617 509 3690 gentes
529 3606 645 3693 (Δαῶν
671 3609 721 3672 καὶ
740 3607 851 3673 (ακῶν
870 3605 976 3692 χεῖρα)
1000 3617 1159 3690 propterea
1177 3612 1209 3670 In
1229 3613 1299 3671 Pur·

222 3803 248 3866 1)
268 3799 392 3870 Krueger
410 3800 423 3852 Ι
441 3807 542 3870 47,14.

221 3873 248 3939 2)
269 3871 364 3940 Krebs,
383 3890 430 3926 zur
448 3871 554 3928 rection
574 3873 600 3927 d.
620 3890 699 3928 casus
718 3871 744 3926 Π
764 3877 806 3928 16.

220 3944 247 4012 3)
266 3941 301 3997 de
321 3942 424 3998 conius.
443 3943 510 4013 ling.
530 3945 542 3996 I
561 3950 622 4011 416,
640 3950 669 3998 11
691 3945 733 3999 ed.
753 3945 874 4014 Maugcy
893 3945 933 3998 ῶν
951 3948 1115 4013 κληρονομεῖ
1135 3948 1163 4000 et
1182 3947 1215 4000 de
1235 3965 1296 4017 pro-

129 4013 188 4084 fug.
208 4012 221 4066 1
239 4019 299 4078 648,
314 4018 349 4068 34
368 4015 460 4084 Mang.
489 4016 530 4069 ῶν
557 4020 774 4084 κληρονομοῦειν
802 4017 980 4085 (κληρονόμοι
1004 4016 1069 4070 εἰείν
1087 4016 1202 4087 Mang.).
1239 4019 1298 4074 illic

129 4103 186 4212 &on
196 4085 312 4211 t{ilibibm
332 4086 401 4154 quin
420 4103 469 4141 suo
488 4085 547 4142 iure
561 4086 709 4158 Mungeius
728 4087 745 4141 δ
764 4087 875 4141 restitui
894 4087 992 4142 iubeat
1009 4087 1112 4142 frustra
1125 4094 1299 4160 repugnante

155 4159 195 4211 rei
237 4157 265 4212 io
305 4163 370 4212 .15.
1075 4191 1082 4206 .

219 4229 247 4298 4)
266 4177 333 4283 (rhu.
349 4234 391 4297 15,
407 4233 431 4283 8.
469 4230 551 4284 Num.
566 4236 610 4299 27,
627 4235 666 4284 11.
705 4228 806 4284 Psaim.
823 4236 865 4296 36,
882 4235 922 4284 11.
942 4235 976 4284 22
997 4230 1223 4288 Tisch.-Nestlo⁷.

218 4305 243 4357 6)
262 4299 344 4355 Mtth.
360 4305 384 4367 6,
399 4305 424 4356 4.
445 4305 487 4370 19,
503 4307 545 4357 29.
583 4301 644 4356 Gai.
659 4308 685 4368 5,
699 4306 741 4357 21.
779 4300 876 4355 Winer
894 4306 910 4366 6
929 4305 972 4368 30,
988 4306 1002 4354 7
1022 4300 1117 4357 adnot.
1137 4322 1163 4374 p.
1181 4306 1255 4360 188⁷.

221 4373 247 4439 6)
266 4371 332 4427 dial.
351 4374 432 4427 mort.
449 4376 490 4440 11,
505 4377 531 4442 6,
549 4373 660 4441 passim¹
753 4379 778 4440 7)
799 4372 912 4428 Schmid
930 4371 956 4426 Π
975 4377 1035 4427 126.

220 4443 248 4509 8)
267 4443 373 4498 observ.
392 4442 490 4514 philol.
509 4443 569 4498 crit.
588 4462 615 4514 p.
630 4450 672 4500 66.

219 4516 248 4586 9)
267 4513 303 4570 de
321 4515 422 4586 quihus
441 4514 505 4571 vide
523 4515 597 4571 Infra
615 4521 630 4583 5
648 4521 687 4572 13.

1051 4606 1088 4661 3³11
