3166 5026
270 237 314 301 24
698 233 853 292 Guilelmus
873 233 1013 290 Schmidt:

271 399 413 486 werda1),
432 407 484 482 qui
501 406 547 486 τῷ
566 399 802 484 εἰεπμαξαμένῳ
821 405 996 465 coniecerat.
1031 404 1104 464 satis
1122 422 1200 463 ιιιιυο
1219 402 1278 462 erit
1295 422 1362 462 cum
1388 403 1455 461 hac

272 497 400 556 dictione
423 496 584 555 contulisse
602 495 638 554 A.
652 493 756 553 XVIII
771 498 810 555 71
836 491 889 554 ἐπὶ
912 494 958 574 τῷ
981 490 1155 572 ληψομένῳ
1178 489 1237 566 τὴν
1255 485 1452 567 ἄνθρωπον,

271 604 326 645 που
344 586 405 645 iam
423 586 588 661 quisquam,
607 585 719 661 opinor,
739 585 774 642 de
789 584 919 644 Bekkeri
938 582 1152 644 emendationis
1171 582 1228 641 fide
1246 582 1415 642 dubitabit.

360 675 396 736 A.
407 674 510 734 XVIII
520 676 581 734 201
602 667 780 746 προγνώεει
793 689 828 733 τε
844 669 952 733 αὐτῶν
966 669 1088 733 εῦνεειν
1100 670 1159 747 τὴν
1173 669 1452 746 παραγενομένην

272 759 459 838 ἀποιτερεῑν
483 779 515 822 οε
539 757 660 822 ἀδικεῖν
682 757 858 837 ἡγηεάμην,
882 757 971 822 ὅπωε
994 755 1199 835 έπιετάμενοε
1222 755 1344 833 ἀγαθοῦ
1364 758 1451 835 μέλ·

272 855 387 914 λοντοε
407 852 620 912 λυειτελεῖν
639 848 676 911 ἐν
694 845 794 930 ὀλίγῳ
812 849 871 927 τὴν
889 846 1053 925 ἀχθηδόνα
1071 850 1129 911 τοῦ
1148 845 1309 924 παρόντα(
1324 851 1449 910 τιθοῖο.

272 944 313 1004 sic
323 943 446 1014 codices,
455 960 530 1018 quos
539 941 660 1000 Niesius
672 940 814 1017 sequitur.
833 941 898 1000 iure
908 941 1031 1000 offendit
1040 941 1196 1000 Ernestius
1203 932 1228 1018 ἲ)
1238 940 1360 1016 eiusque
1370 959 1450 998 oon-

271 1034 415 1092 iecturam
429 1027 467 1091 τὸ
482 1029 666 1090 λυειτελοῦν
681 1030 745 1089 iure
760 1031 872 1106 recepit
885 1030 1032 1090 Naberus.
1054 1029 1270 1090 A.xv111281
1285 1025 1449 1104 triptota

272 1115 433 1197 καθ’ἡμᾶε
448 1115 534 1194 παρὰ
544 1115 675 1193 γνώμην
684 1117 873 1194 πειεομένην
883 1113 931 1179 otc
941 1116 1114 1192 προύθεεθε
1125 1113 1265 1190 ἀγαθοῐε.
1284 1119 1327 1178 ita
1335 1137 1449 1178 omnes

272 1211 351 1270 libri.
378 1209 538 1269 manifesta
556 1212 602 1268 est
619 1208 678 1268 loci
696 1210 873 1285 corruptela,
892 1209 940 1267 cui
958 1208 1016 1270 viri
1035 1209 1116 1269 docti
1133 1209 1209 1267 alius
1224 1209 1313 1268 allter
1326 1207 1449 1267 mederi

272 1300 373 1360 conati
387 1302 469 1358 sunt:
489 1296 639 1373 Coccejius
654 1295 844 1371 πειεομένου
858 1298 920 1374 legi
929 1297 1003 1358 vult.
1030 1298 1057 1357 ei
1071 1297 1236 1357 assentitur
1246 1289 1447 1378 Holvverda3)

272 1377 421 1465 particila
444 1386 483 1462 μή
508 1391 577 1446 ante
600 1383 687 1462 παρὰ
709 1382 840 1460 γνώμην
863 1388 978 1447 addita:
1005 1382 1085 1461 ὑπὲρ
1107 1386 1166 1447 τοῦ
1188 1379 1264 1448 καθ’
1282 1381 1361 1460 ῦμάε
1381 1383 1448 1462 [ita

271 1479 303 1536 in
323 1476 502 1537 editionibus
521 1473 683 1552 prioribus]
705 1470 790 1554 <μή>
809 1473 896 1550 παρὰ
914 1471 1045 1551 γνώμην
1063 1473 1252 1551 πειεομένου
1272 1470 1372 1554 (ἐφ’)
1390 1471 1448 1536 οἷε

274 1562 335 1626 κτὲ.
373 1566 495 1626 Niesius
524 1563 715 1639 πειθομένου
743 1561 909 1642 proposuit.
950 1566 1006 1626 boo
1033 1565 1108 1624 mihi
1134 1566 1291 1644 probatur,
1321 1567 1372 1624 sed
1395 1565 1448 1623 ita

274 1656 457 1732 scripserim:
485 1650 565 1730 ὑπὲρ
593 1655 651 1714 τοῦ
679 1647 752 1714 καθ’
775 1649 855 1727 ὑμῦε
883 1650 984 1730 [παρὰ
1008 1651 1152 1731 γνώμην]
1176 1651 1367 1729 πειθομένου
1390 1649 1447 1714 οἷε

273 1741 449 1820 προύθεεθε
473 1737 614 1818 ἀγαῦοῑε.
651 1743 796 1821 Iosephus
815 1743 988 1804 Petronium
1012 1745 1085 1804 haec
1108 1744 1172 1804 fere
1190 1745 1336 1804 dicentem
1354 1744 1447 1803 facit:

273 1853 332 1894 non
352 1833 450 1910 patiar
467 1853 520 1894 vos
537 1852 647 1909 omnen,
665 1836 729 1892 tam
742 1834 894 1909 ingentem
909 1833 1143 1913 multitudinem,
1161 1836 1320 1910 propterca
1332 1834 1445 1910 perire,

272 1924 351 1999 quod
376 1943 436 1982 non
458 1923 551 1985 vultis
574 1923 765 1998 imperatoris
789 1925 921 1982 statuum
944 1923 975 1980 in
993 1923 1067 1982 urbe
1085 1926 1187 1983 vestra
1204 1922 1287 2000 poni,
1311 1923 1341 1981 id
1360 1923 1446 1998 quod

272 2012 390 2088 legibus
413 2013 523 2073 vestris
544 2013 671 2071 vetitum
690 2015 745 2070 est.
782 2013 883 2087 itaque
901 2011 1019 2072 litteras
1038 2013 1115 2072 dabo
1134 2012 1172 2071 ad
1192 2011 1300 2071 Gaium
1316 2015 1349 2071 et
1367 2012 1444 2089 quid

273 2102 419 2179 sentiatis,
438 2101 583 2160 nuntiabo
603 2101 715 2177 etipse
734 2120 851 2177 quoque
869 2119 991 2160 causam
1005 2105 1135 2160 vestram
1151 2101 1258 2162 idcirco
1274 2100 1444 2175 defendam,

273 2192 352 2268 quod
370 2191 484 2267 paretis
503 2191 650 2249 institutis
669 2189 763 2267 bonis,
782 2208 859 2266 quae
876 2190 962 2251 vobis
982 2191 1189 2268 proposuistis,
1207 2193 1331 2268 propter
1343 2191 1444 2266 ipsam

274 2282 375 2356 legum
399 2279 615 2340 oboedientiam
640 2281 779 2340 vestram.
817 2278 916 2338 verbis
940 2279 1034 2357 igitur
1051 2280 1111 2340 illis
1130 2280 1274 2356 Iosephus
1293 2281 1370 2338 idem
1390 2299 1442 2338 ex-

203 2374 205 2378 ’
273 2369 364 2445 primi
378 2369 481 2442 voluit,
496 2368 575 2444 quod
588 2368 679 2444 paulo
694 2387 784 2443 supra
798 2358 915 2449 (XVIII
932 2364 1008 2448 280)
1023 2369 1102 2429 inest
1115 2370 1146 2428 in
1159 2368 1258 2430 verbis
1274 2369 1443 2429 διακονου-

274 2455 379 2532 μένων
395 2451 434 2536 (si
448 2477 551 2518 verum
566 2458 620 2532 est,
640 2457 718 2533 quod
732 2457 893 2516 Hudsonus
908 2462 939 2516 et
953 2450 1137 2540 Ooocejius4)
1151 2450 1386 2540 proposuerunt)
1401 2460 1441 2538 τῇ

273 2541 370 2627 ἀρετῇ
389 2546 447 2607 τοῦ
466 2540 575 2622 νόμου.
607 2546 667 2604 iam
682 2546 779 2606 elucet
792 2547 884 2606 verba
897 2543 985 2621 παρὰ
998 2543 1130 2622 γνώμην
1144 2549 1335 2608 vehementer
1348 2549 1443 2608 offen-

273 2637 343 2696 dere
356 2655 411 2696 neo
425 2636 487 2696 ullo
502 2637 589 2696 modo
604 2654 657 2694 suo
671 2636 734 2695 loeo
749 2637 839 2712 stare,
858 2637 910 2695 sed
925 2637 1085 2696 verisimile
1100 2640 1146 2697 est
1161 2657 1196 2696 ea
1209 2637 1325 2696 librarii
1337 2637 1441 2715 negle-

273 2725 377 2802 gentia
394 2744 431 2783 ex
448 2726 501 2803 eis,
520 2745 596 2803 quas
616 2727 781 2802 sequuntur
799 2725 884 2785 brevi
902 2725 1062 2786 intervallo
1082 2718 1198 2808 (XVIII
1214 2728 1274 2787 281
1292 2718 1440 2809 extrem),

275 2816 333 2874 buo
351 2815 471 2874 iuveota
484 2833 556 2889 esse,
576 2833 668 2891 quare
682 2814 860 2874 secludenda
875 2834 939 2874 esse
953 2833 1069 2876 censeo.
1095 2816 1170 2876 baec
1183 2820 1341 2892 postquam
1356 2815 1442 2874 illata

274 2905 354 2977 sunt,
372 2901 564 2979 πειθομένου
583 2906 706 2979 propter
723 2898 862 2978 γνώμην
880 2903 912 2962 in
932 2902 1132 2979 πειθομένην
1151 2905 1238 2981 abiit,
1257 2905 1336 2981 quod
1355 2905 1441 2964 facile

273 2994 304 3052 in
323 2989 512 3067 πειεομένην
532 2993 689 3068 depravari
706 2995 832 3068 poterat.
870 2990 963 3068 ἡμᾶε,
989 2995 1067 3071 quod
1085 2995 1117 3053 in
1135 2994 1220 3054 libris
1238 2996 1336 3054 inesse
1354 2994 1441 3054 testis

275 3085 321 3141 est
339 3082 473 3159 Niesius,
494 3083 614 3159 saepius
633 3101 699 3142 cum
718 3076 797 3156 ὑμᾶε
816 3083 1009 3142 confunditur
1028 3085 1110 3143 velut
1129 3085 1220 3160 paulo
1239 3083 1317 3143 infra
1336 3081 1356 3159 ἓ
1376 3085 1439 3146 282

273 3173 354 3233 recte
377 3171 409 3228 in
429 3171 521 3230 ΑΜΕ
545 3166 624 3245 ὑμάε
647 3172 771 3247 legitur,
797 3191 936 3247 perverse
958 3173 989 3231 in
1008 3171 1047 3230 W
1065 3169 1154 3248 ἡμᾶε.
1191 3174 1227 3234 cf.
1247 3175 1337 3232 etiam
1356 3175 1392 3231 A.
1410 3173 1441 3231 II

275 3262 347 3322 330.
367 3259 412 3318 VI
427 3262 476 3320 89.
498 3261 569 3322 133.
590 3263 661 3321 292.
683 3263 756 3338 317,
775 3260 855 3320 alibi.
893 3261 929 3320 de
950 3262 1169 3339 praepositione
1188 3257 1267 3322 κατὰ
1284 3257 1440 3338 participio

274 3351 316 3411 sio
335 3349 475 3410 adiuncta
493 3350 551 3411 vid.
571 3368 662 3426 supra
684 3370 713 3427 p.
729 3352 778 3409 21.
816 3352 925 3429 restat,
948 3354 983 3409 ut
1005 3352 1085 3411 hunc
1107 3352 1259 3429 participii
1276 3352 1441 3428 praesentis

274 3457 362 3499 usum
379 3439 443 3498 loco
470 3439 651 3500 substantivi
673 3440 816 3500 abstracti
840 3441 977 3516 usurpati
1000 3442 1142 3516 exemplis
1159 3441 1321 3500 illustrem:
1346 3440 1382 3500 A.
1396 3441 1439 3500 XI

276 3531 315 3589 31
336 3524 373 3588 τὸ
393 3528 511 3589 δοκοῦν
530 3524 625 3608 αὐτῷ,
643 3529 683 3589 ib.
699 3531 749 3589 40.
769 3528 843 3587 XIII
860 3531 918 3590 151
939 3525 978 3589 τὸ
998 3529 1130 3604 λυποῦν,
1149 3530 1275 3590 xillus
1295 3525 1332 3590 τὸ
1347 3531 1441 3604 καθῆ-

274 3635 344 3692 κον,
369 3618 427 3677 XII
447 3620 497 3679 54.
519 3618 594 3678 XIII
610 3620 682 3679 152.
704 3618 776 3676 XIV
793 3620 865 3678 174.
888 3618 1010 3680 xvia.
1031 3622 1102 3680 101.
1123 3621 1187 3680 204
1209 3616 1247 3678 τὸ
1272 3616 1440 3698 ευμφέμον,

274 3707 349 3766 XIII
363 3709 427 3766 432
447 3707 512 3767 τιῦν
531 3706 570 3782 μὴ
590 3703 824 3783 προεηκόντών,
843 3707 898 3765 XV
914 3710 954 3768 58
979 3705 1016 3768 τὸ
1036 3705 1093 3783 μὲν
1112 3703 1246 3784 ἀλγοῦν,
1265 3710 1304 3768 ib.
1320 3711 1383 3768 246
1403 3706 1440 3768 τὸ

365 3867 391 3930 1)
410 3860 549 3916 emendat.
563 3859 640 3916 Flav.
655 3878 681 3929 p.
694 3865 744 3916 128
763 3861 793 3914 et
806 3861 914 3915 observ.
929 3859 991 3916 orit.
1006 3859 1140 3916 Mnemos.
1151 3861 1176 3914 11
1189 3865 1248 3915 131.
1275 3861 1310 3914 de
1325 3876 1438 3916 casuum

275 3933 481 4058 permutgtigrlre
504 3930 539 3987 of.
553 3931 586 3986 A.
601 3931 640 3988 VI
655 3935 720 4000 19⁷,
742 3931 792 3986 ubi
816 3932 904 3988 codex
923 3932 944 3985 0
963 3949 1014 4000 pro
1035 3934 1186 4003 ληψομένῳ
1204 3948 1334 4002 perverse
1346 3937 1441 4000 sinpo-

295 4006 368 4060 ένών
400 4020 431 4058 ra
451 4003 480 4059 ‘t

276 4023 294 4072 p
364 4080 391 4143 2)
410 4075 445 4130 de
463 4074 575 4144 Iosephi
595 4072 660 4129 stilo
679 4092 706 4144 p.
722 4080 782 4130 401.

364 4149 391 4214 3)
411 4146 550 4202 emendat.
568 4145 644 4200 Flav.
664 4164 691 4215 p.
708 4151 758 4200 133
778 4147 807 4200 et
825 4146 933 4221 observ.
954 4146 1014 4201 crit.
1033 4146 1168 4202 Mnemos.
1184 4145 1284 4202 11133.

364 4219 392 4288 4)
410 4217 532 4272 editores
557 4218 685 4272 codicum
708 4215 856 4272 lectionem
880 4220 1095 4285 διακονούμενον
1119 4218 1254 4287 retinent,
1282 4233 1353 4286 quae
1379 4235 1440 4272 cum

274 4288 425 4346 Holverda
449 4289 567 4359 (observ.
587 4289 647 4344 crit.
666 4289 800 4344 Mnemos.
815 4287 840 4341 11
856 4292 917 4358 132)
936 4291 972 4344 ad
986 4289 1148 4344 Petronium
1169 4290 1314 4344 referenda
1332 4291 1383 4343 est.
1412 4294 1440 4344 at

275 4362 370 4419 obstat
386 4362 419 4416 A.
433 4359 525 4414 XVIII
538 4366 589 4415 art
614 4361 697 4432 μανίᾳ
713 4367 748 4431 τῇ
769 4363 850 4416 Γαΐου
870 4363 1107 4428 διακονούμενοι,
1131 4377 1216 4430 quare
1235 4377 1290 4416 non
1310 4359 1441 4430 displicet

274 4434 386 4489 illorum
406 4430 574 4488 coniectura.
