3166 5026
313 304 354 361 De
372 303 464 362 Flavii
483 302 593 374 Iosephi
612 301 771 360 elocutione
789 303 997 360 observationes
1016 301 1139 359 criticae.
1268 299 1307 367 11

138 489 238 552 neque
252 475 352 536 Pellae
366 494 461 552 neque
476 475 607 536 Peraeae
622 474 734 534 mentio
753 474 796 552 fit,
811 476 862 535 sod
880 475 910 534 id
929 476 1050 536 tentum
1063 476 1311 535 commemoretur

139 559 300 641 Iosephmn
315 566 347 625 in
361 563 562 643 Goelesyriem
576 564 730 624 invasisse.
750 567 856 640 postea
870 565 988 624 demum
1003 557 1055 646 (A.
1065 564 1136 623 XIV
1150 566 1200 624 47.
1214 567 1256 624 49
1268 589 1311 612 ---

140 655 176 715 Β.
192 656 208 714 Ι
222 657 250 732 6,
266 648 301 735 5)
316 675 352 716 ex
366 655 475 732 oppido
489 655 546 714 Di0
566 654 680 714 Pellem
694 655 875 730 praeterlens
895 674 948 731 per
962 654 1175 733 Scythopolim,
1193 652 1310 730 Ocreae,

140 744 370 804 Hierichuntem
393 744 431 803 ad
455 744 664 821 Hierosolyma
682 743 842 820 Pompeius
866 745 1017 821 profectus
1041 763 1106 804 esse
1130 744 1240 804 dicitm·
1259 733 1310 824 (A.

143 833 217 893 XIV
236 835 278 894 54
298 860 339 882 =
358 835 392 894 B.
411 834 471 909 16,
487 824 531 915 6).
567 852 663 910 neque
681 832 746 892 ulle
764 851 853 894 ceusu
871 834 1008 911 intellegi
1025 836 1134 911 potest,
1153 852 1206 893 eur
1222 833 1310 893 Pom·

140 923 241 1001 peius,
268 927 427 1002 postquam
455 927 519 983 tarn
546 923 636 1000 longe
662 923 694 981 in
722 923 876 983 meridiem
899 943 1003 984 versus
1028 923 1187 1000 prooessit,
1211 922 1310 982 subito

141 1013 175 1072 in
194 1014 413 1091 septentriones
432 1031 536 1074 versus
551 1013 733 1075 Damascum
751 1014 917 1074 1010110111.
947 1013 999 1073 sed
1013 1032 1044 1073 re
1058 1033 1129 1074 rere
1144 1013 1179 1071 ad
1196 1011 1311 1072 Pellam

145 1101 349 1164 incursionem
367 1103 527 1179 Pompeius
547 1121 607 1162 nou
625 1101 704 1179 fecit,
722 1103 813 1163 immo
832 1105 914 1163 reeta
933 1122 969 1162 ex
982 1103 1105 1164 Leontis
1122 1101 1206 1161 fluvii
1224 1102 1312 1178 valle,

143 1192 198 1251 ubi
217 1191 335 1253 Chalcis
354 1193 412 1253 sita
431 1196 496 1253 eret
519 1185 748 1273 (intermontes
769 1191 916 1252 Libanum
936 1195 966 1252 et
984 1182 1217 1273 Antilibanum),
1236 1209 1313 1267 quae

141 1282 265 1358 proprie
283 1301 301 1342 a
320 1281 441 1343 Graecis
456 1281 630 1358 Coeleuyrie
646 1282 864 1360 nominabatur,
882 1302 935 1360 per
953 1284 1084 1342 montem
1102 1281 1312 1341 Antilibanum

142 1362 202 1453 (=
211 1368 249 1431 τὸ
268 1372 409 1447 διεῖργον
428 1363 518 1453 ὄροε)
533 1371 715 1430 Damascum
732 1371 791 1431 iter
805 1371 884 1432 fecit.
913 1391 948 1432 ee
963 1374 1064 1431 autem
1077 1371 1169 1447 regio,
1183 1389 1259 1446 quae
1273 1370 1312 1430 ab

140 1462 205 1520 hoc‘
216 1465 316 1522 monte
335 1462 366 1521 in
381 1461 526 1522 orientem
542 1463 572 1520 et
590 1460 743 1520 meridiem
759 1462 922 1540 spectabat,
937 1480 1117 1539 quamquam
1132 1461 1189 1537 ipsi
1203 1478 1311 1519 nomen

139 1549 330 1628 coelesyriae
350 1555 415 1612 erat
433 1547 482 1627 (A.
497 1551 513 1611 I
528 1553 601 1611 206.
620 1550 647 1608 X
664 1552 734 1610 181.
754 1549 828 1610 XIII
843 1552 916 1612 356.
931 1551 1002 1611 XIV
1018 1541 1087 1632 34),
1100 1555 1210 1627 tamen,
1223 1551 1259 1607 ut
1273 1548 1311 1607 eb

138 1639 194 1699 illa
216 1640 295 1701 velle
318 1641 438 1718 proprie
461 1641 503 1700 sie
522 1639 603 1699 dicta
625 1638 875 1718 distingueretur,
894 1641 1043 1700 interdum
1067 1636 1086 1714 ἡ
1111 1633 1191 1713 ἄλλη
1216 1633 1312 1712 (νρία

138 1730 353 1790 nominabatur
379 1723 470 1790 velut
491 1729 571 1806 apud
593 1729 749 1788 Philonem
773 1731 862 1806 legat.
882 1728 919 1789 ad
939 1729 1046 1789 Gaium
1069 1730 1237 1804 2111291
1267 1727 1312 1786 ed.

139 1814 351 1894 Βο11ίυρίαν
370 1817 428 1895 τήν
446 1835 481 1879 τε
501 1812 602 1893 ἄλλην
617 1813 668 1878 καὶ
681 1816 740 1893 τὴν
758 1814 867 1894 κοίλην
886 1815 1216 1896 προεαγορευομένην,
1230 1818 1310 1892 apud

140 1908 303 1984 Iosephum
331 1911 493 1968 secundum
518 1907 652 1968 Niesium
681 1908 716 1966 A.
736 1908 807 1967 XIV
827 1911 878 1970 79.
915 1901 966 1989 (ef.
986 1909 1076 1968 etiem
1104 1907 1310 1980 ,A.V11104‚

139 1999 182 2057 ib.
202 2000 275 2058 101.
295 1998 367 2058 XIV
386 2000 438 2058 48.
475 1994 648 2072 Δαμαεκοῦ
672 1993 723 2056 καὶ
744 1998 800 2072 τῆ(
826 1991 924 2072 ἄλλη(
943 1989 1079 2079 (uotae).
1116 1997 1217 2072 itaque
1241 1996 1310 2072 quid

139 2087 242 2146 verius
262 2107 328 2147 esse
346 2089 447 2163 potest
466 2106 555 2164 quam
575 2086 682 2146 codicis
701 2086 727 2146 P
745 2087 834 2147 lectio
853 2087 909 2162 τῆ(
927 2080 1027 2161 ἄλλη(
1045 2104 1099 2163 pro
1117 2083 1267 2160 Πέλληεῖ

230 2176 266 2235 A.
286 2175 362 2236 XIII
382 2167 480 2257 371¹)
507 2175 666 2252 legebatur
693 2171 829 2256 Λαοδίκῃ
858 2172 919 2252 γὰρ
943 2171 1048 2237 ἐλθὼν
1070 2171 1231 2251 εύμμαχοε
1256 2167 1311 2258 (10.

140 2257 325 2348 Antiochus)
348 2268 385 2345 τῇ
409 2264 475 2325 τῶν
504 2263 718 2340 Γαλααδηνῶν
748 2261 901 2345 βαειλίεεῃ
930 2266 1092 2326 secundum
1119 2264 1249 2326 codicem
1274 2265 1310 2338 V,
1355 2293 1360 2301 ·

140 2356 225 2416 codd.
244 2355 313 2414 LW
332 2353 504 2431 γαλιήνων,
518 2353 613 2413 ΑΜΕ
628 2353 800 2430 γαλιηνών,
814 2356 839 2414 F
853 2350 1029 2428 γαλιλαίων
1048 2347 1230 2434 0111101119)
1257 2354 1310 2413 ubi

141 2449 292 2504 terrerum
311 2445 380 2504 illos
400 2444 541 2505 Gelienos
561 2443 623 2504 sive
644 2443 785 2504 Geminos
810 2437 866 2524 (ita
884 2436 997 2527 Rufin.)
1020 2445 1177 2504 incoluisse
1201 2443 1310 2521 putas?

138 2553 300 2612 nusquam,
329 2535 443 2611 opinor.
488 2535 538 2593 sed
568 2534 711 2609 populum
742 2533 939 2595 Samenorum
964 2534 1114 2595 exstitisse
1142 2553 1196 2594 nos
1225 2535 1311 2594 docet
1366 2550 1368 2560 ·

140 2623 243 2700 Steph.
267 2625 353 2701 Byr,
380 2642 468 2700 quem
496 2625 614 2682 constat
641 2623 756 2702 aliquot
781 2624 959 2700 populorum
986 2624 1108 2684 nomina
1133 2643 1169 2682 ex
1191 2622 1311 2699 losephi

141 2713 261 2789 scriptis
284 2714 432 2773 hausIsse:
464 2708 614 2788 (αμηνοὶ,
638 2708 788 2786 νομάδων
811 2707 967 2790 Ἀραβίων
990 2708 1093 2774 ἔθνος.
1129 2714 1184 2772 hos
1208 2715 1310 2772 autem

142 2802 228 2862 nobis
246 2803 374 2880 praebet
387 2803 477 2863 codex
490 2801 646 2862 Palatinus
661 2797 816 2878 (Σαμηνῶν
829 2822 883 2878 ρ10
899 2801 1060 2877 Γαλιηνῶν
1075 2802 1138 2863 sim.
1158 2802 1310 2862 exhibens.

229 2891 324 2952 Porro
359 2892 394 2954 A.
415 2890 529 2952 XIVA
561 2891 675 2952 codices
707 2891 878 2951 LAMVW
911 2885 1089 2967 ἀρξαμένου
1116 2886 1226 2952 τοίνυν
1253 2891 1309 2967 τῆ(

140 2976 374 3057 ἀρχιερωεύνη(
395 2976 554 3056 Ὑρκανοῦ
572 2982 709 3059 tradunt,
728 2982 779 3041 sed
798 2980 883 3040 Pru
903 2976 1147 3057 παραλαβόντα(
1165 2976 1227 3055 γὰρ
1250 2977 1309 3056 τὴν

142 3065 300 3147 βαειλείαν
331 3066 498 3146 Ὑρκανοῦ.
544 3071 663 3130 1110111111
696 3070 851 3131 lectionem
880 3070 1066 3146 redarguunt
1097 3070 1202 3146 verba,
1231 3090 1307 3147 queo

139 3161 284 3237 leguntur
303 3161 339 3220 A.
353 3159 429 3218 XIII
443 3162 522 3220 408:
541 3155 560 3233 ἡ
581 3157 616 3219 δὲ
634 3151 833 3242 (Alexandra)
852 3154 1001 3235 ἀρχιερέα
1020 3157 1077 3235 μὲν
1101 3153 1309 3220 ἀπεδείκνυεν

144 3244 312 3325 Ὑρκανόν.
358 3250 415 3309 boc
446 3250 570 3324 bonore,
599 3250 742 3326 quamdiu
775 3249 946 3309 Alexandra
976 3250 1081 3327 regine
1112 3252 1182 3326 post
1209 3249 1310 3308 mariti

143 3342 271 3399 mortem
290 3339 421 3417 virebat,
436 3338 571 3414 tingitur
586 3338 752 3415 Hyrcanas,
766 3358 821 3416 per
838 3357 945 3400 novem
965 3358 1057 3399 annos
1077 3330 1127 3422 (A.
1136 3337 1212 3399 XIII
1220 3332 1309 3415 430).

140 3428 314 3488 cadomum
333 3431 451 3489 mortua
474 3419 564 3510 (XIII
578 3430 651 3489 430.
669 3428 741 3488 XIV
757 3419 793 3510 1)
810 3448 903 3506 regno
921 3428 1049 3504 potitur,
1068 3436 1183 3489 sum'mo
1206 3430 1308 3488 autem

141 3517 324 3594 sacerdotio,
342 3520 377 3577 ut
393 3512 533 3598 diximus,
551 3517 613 3578 iarn
630 3537 737 3579 novem
756 3519 842 3579 annis
861 3521 932 3579 ente
949 3519 1119 3593 praelectus
1142 3521 1215 3577 eret.
1253 3519 1309 3578 hoc

140 3608 204 3668 loeo
223 3598 311 3689 (XIV
325 3597 362 3688 4)
381 3607 417 3666 de
436 3626 541 3683 regno,
560 3627 619 3667 non
637 3608 674 3668 de
692 3626 807 3668 summo
830 3607 996 3668 sacerdotio
1015 3608 1176 3684 Iosephum
1199 3607 1308 3667 dixisse

139 3697 189 3758 101
215 3716 252 3756 ex
279 3716 314 3756 eo
340 3694 542 3776 intellegitur,
570 3696 649 3773 quod
676 3696 715 3757 ib.
744 3694 802 3772 §6
830 3696 976 3774 Iosephus
1003 3699 1107 3757 namet
1134 3697 1307 3775 Hyrcanum

140 3786 315 3846 Aristobulo
330 3804 455 3861 regnum
473 3786 653 3862 permisisse,
667 3786 766 3862 ipsum
780 3789 879 3846 autem
893 3787 1035 3846 maluisse
1055 3787 1115 3845 frui
1134 3804 1168 3846 eo
1187 3787 1307 3864 honore,

140 3895 198 3952 quo
225 3876 287 3935 iam
311 3867 844 3955 01001010101(τὴνὺπάρχοοεαν
868 3870 956 3955 αὐτῷ
979 3866 1142 3957 κτῆειν).3)
1181 3875 1308 3953 denique

140 3965 265 4024 alterius
293 3964 426 4024 familiae
451 3964 712 4041 interpolationem
741 3983 884 4042 agnosces
908 3967 943 4024 A.
962 3965 1034 4024 XIV
1051 3966 1122 4038 143,
1149 3964 1200 4024 ubi
1228 3965 1259 4024 iu
1284 3964 1308 4023 P

229 4155 255 4219 1)
275 4150 309 4207 01.
329 4150 422 4221 Nicea,
440 4151 528 4221 praef.
546 4152 602 4207 vol.
617 4152 657 4206 ΙΙΙ
675 4171 702 4223 p.
718 4152 803 4208 XXII.

229 4223 258 4292 2)
276 4221 481 4279 Galedenormn
501 4222 627 4292 reginam
646 4225 788 4294 cognitam
803 4241 858 4279 non
871 4223 1016 4280 hebemus.
1044 4225 1306 4296 nequeB.14,2sq.

140 4294 332 4364 eins·reginee
353 4294 457 4350 mantio
475 4295 515 4360 fit,
535 4295 583 4351 ubi
601 4295 735 4366 Iosephus
758 4295 846 4351 tradit
864 4295 919 4350 illis
945 4296 1119 4364 temporibus
1139 4297 1306 4366 (Ptolomaei

140 4366 265 4430 Lathuri,
285 4365 333 4434 qui
353 4370 385 4422 A.
405 4365 471 4419 XIII
484 4371 536 4421 310
555 4383 668 4436 quoque
686 4369 868 4438 memoratur)
883 4367 1071 4422 Alexandrum
1090 4368 1240 4424 launacum
1260 4369 1303 4440 (cl.

141 4438 225 4493 etiarn
245 4435 278 4492 A.
299 4436 480 4520 1111132010.
500 4439 564 4508 eto)
582 4439 625 4494 his
645 4437 853 4495 Geledenorum‘
869 4437 1030 4510 regionibus
1044 4440 1167 4509 potitum
1187 4457 1258 4497 0110.

228 4513 256 4580 3)
275 4507 310 4564 cf.
330 4509 415 4564 ctiam
435 4507 529 4580 Nrese,
547 4509 586 4563 III
604 4526 632 4579 p.
647 4509 746 4567 XXIV.
