3166 5026
292 240 335 303 22
720 237 875 292 Guilelmus
895 235 1033 292 Schmidtc

292 403 382 485 ‘quod
401 409 448 468 illi
465 408 629 468 iuventutis
649 407 840 472 multitudine
854 399 991 466 utuntur'
1007 399 1058 485 (cf.
1072 405 1144 464 XIX
1159 395 1247 486 135),
1266 403 1335 463 XIX
1346 406 1388 464 77
1405 403 1476 462 τοῦ

292 492 364 559 κατ’
391 493 533 558 ἐκείνους
560 491 875 573 προβεβουλευκότος
903 489 1039 555 ‘illorum
1066 488 1213 570 consilii’,
1237 494 1276 554 ib.
1298 496 1362 553 160
1387 489 1476 567 μετὰ

293 672 349 758 (sic
375 676 487 751 Horra,
515 676 581 736 τῶν
608 666 707 758 codd.)
735 668 806 735 κατ’
833 669 933 734 αὐτὸν
960 669 1108 734 παιδείαν
1137 668 1359 747 μεμελετηκότι
1390 665 1475 730 ‘eius

294 767 393 826 studio
412 759 604 826 litterarum'.
637 765 683 824 his
702 765 779 824 addo
798 783 893 839 peuce
907 763 1054 824 adiectiva
1068 781 1136 822 cum
1150 761 1370 838 praepositione
1385 757 1476 820 κατὰ

294 855 463 916 coniuncte:
491 857 527 915 A.
545 854 561 914 Ι
580 857 643 915 296
667 853 726 913 τοῦ
749 847 820 912 κατ’
843 848 984 912 ἐκείνους
1010 851 1196 925 ςυγγενοῦς,
1218 850 1266 910 ΠΙ
1285 854 1303 912 6
1329 846 1367 910 τὸ
1393 843 1475 909 κατ’

295 940 436 1004 ἐκείνους
458 943 624 1017 γενναῖον,
648 943 750 1002 XVIII
766 945 828 1002 218
852 942 911 1002 τοῦ
934 937 1014 1002 κατὰ
1036 939 1094 1016 τὴν
1113 936 1252 1000 οἰιίινιςιν
1271 939 1474 1014 προμηθοῦς,

294 1033 365 1094 ΧΙΧ
384 1035 448 1093 218
474 1033 532 1092 τοῦ
556 1026 627 1092 κατ’
651 1028 750 1091 αὐτὸν
773 1027 989 1105 ἀνεπαχθοῦς,
1014 1031 1053 1090 ib.
1074 1032 1139 1090 240
1162 1029 1221 1090 τοῦ
1246 1022 1317 1089 κατ’
1341 1024 1474 1102 ἐκείνην

296 1120 459 1196 εὐκλεοῦς,
480 1122 520 1180 ib.
536 1124 599 1182 269
618 1121 664 1200 τῷ
683 1115 755 1180 κατ’
773 1117 872 1181 αὐτὸν
891 1115 1118 1199 ἀμεταπτώτῳ.
1154 1119 1214 1178 ium
1233 1138 1333 1195 nomo,
1352 1117 1474 1194 opinor,

297 1211 460 1287 dubitabit,
484 1210 553 1286 quin
573 1210 750 1270 Holwerdae
774 1209 941 1270 emendatio
963 1210 1003 1268 sit
1025 1209 1189 1269 certissime
1208 1209 1381 1286 optimoque
1401 1208 1473 1266 iure

296 1303 334 1361 ab
354 1301 518 1360 editoribus
537 1303 657 1375 recepte
675 1300 722 1359 sii.

385 1398 421 1456 A.
434 1397 552 1456 XVIII
574 1416 676 1457 omnes
699 1396 770 1455 libri
793 1397 934 1456 exhibent
955 1392 1007 1456 διὰ
1024 1393 1062 1456 τὸ
1081 1395 1146 1456 τῶν
1165 1389 1318 1469 ἀδελφῶν
1339 1392 1378 1469 μὴ
1400 1391 1472 1455 ἐπι·

296 1487 500 1561 κοινωνῆςον.
536 1505 590 1562 pro
612 1486 769 1563 participio
792 1478 981 1565 emostiusl)
1004 1485 1186 1547 infinitivum
1209 1481 1472 1560 ἐπικοινωνήςειν

299 1576 389 1636 scribi
412 1577 503 1636 iubet.
540 1575 580 1636 ib.
601 1578 643 1636 60
666 1569 926 1649 παράδειγμα-
946 1574 1004 1634 τοῦ
1028 1569 1125 1654 ἀρετῇ
1149 1569 1396 1634 πολιτεύςοντος
1415 1569 1472 1632 ἐπὶ

300 1664 393 1726 πᾶςιν
417 1659 594 1742 ‘exemplum
620 1663 711 1724 officii
734 1663 828 1724 ciuilis
853 1664 883 1722 in
903 1664 1040 1724 omnibus
1059 1664 1148 1723 rebus
1167 1681 1234 1723 cum
1252 1663 1366 1723 virtute
1383 1682 1473 1738 prae-

299 1747 413 1815 stendi'
437 1773 473 1812 cx
496 1753 602 1814 codicis
621 1752 752 1812 Palatini
772 1753 899 1813 lectione
918 1749 1165 1813 πολιτεύςαντος
1183 1752 1320 1828 reposuit
1338 1752 1471 1826 Niesius,

300 1845 465 1904 ceterorum
482 1832 619 1921 (AMW)
634 1839 796 1902 lectionem
815 1839 1034 1903 πολιτεύεςθαι
1052 1842 1161 1918 probat
1175 1841 1323 1904 Naberus.
1348 1842 1387 1900 ib.
1405 1844 1468 1900 171

300 1929 336 1992 ἐν
355 1926 459 2004 ἐλπίδι
476 1931 535 1991 τοῦ
554 1926 820 2006 ἀνατφαλοῦντος
834 1925 876 1990 ‘in
892 1952 943 2008 spe
958 1924 1193 1991 convalescendi
1209 1949 1277 1990 cum
1292 1931 1316 1988 P
1331 1931 1470 2004 editurae,

301 2017 481 2096 ἀναςφῆλαι
509 2021 592 2080 codd.
616 2021 709 2079 ΑΜΕ
739 2021 886 2081 exhibent.
922 2021 961 2080 ib.
977 2024 1041 2080 210
1067 2015 1111 2080 εἰς
1134 2016 1283 2085 κίνδυνον
1306 2019 1364 2081 τοῦ
1388 2013 1469 2078 ἀπο-

301 2101 493 2189 λουμένουί)
521 2104 564 2168 ‘in
591 2109 698 2186 capitis
725 2104 903 2186 periculum'
931 2129 966 2168 ex
995 2108 1104 2170 codicis
1126 2109 1318 2169 Ambrosiaui
1342 2109 1470 2168 lectione

301 2195 506 2274 ἀπολομένου
531 2199 634 2258 clicuit
656 2198 775 2258 Niesius
799 2217 925 2274 eumque
949 2202 1068 2259 secutus
1093 2204 1140 2258 est
1157 2199 1303 2258 Naberus.
1340 2199 1392 2258 sed
1414 2217 1470 2274 pro

300 2287 457 2366 participio
478 2285 688 2346 casaubonum
710 2287 796 2347 testis
820 2291 867 2346 est
884 2280 1074 2368 Ernestius3)
1097 2287 1276 2348 infinitivum
1296 2281 1469 2348 ἀπολέςθαι

302 2378 390 2438 scribi
419 2376 557 2437 voluisse.
599 2380 700 2436 utrum
726 2376 823 2453 magis
848 2377 967 2454 Iosepbi
992 2377 1149 2438 elocutioni
1175 2376 1348 2454 respondet,
1376 2377 1468 2453 parti-

302 2467 413 2543 cipium
433 2485 471 2526 an
488 2465 674 2526 infinitivus?
705 2485 883 2543 quamquem
901 2467 933 2524 in
951 2467 1064 2526 talibus
1084 2465 1284 2526 locutionibus
1302 2465 1467 2526 infinitivus

301 2557 426 2632 Iosepho
445 2573 504 2613 non
522 2573 644 2632 prorsus
662 2555 783 2630 ignotus
803 2558 849 2614 est
867 2556 951 2614 velut
969 2556 1005 2616 A.
1020 2555 1128 2615 11326
1149 2551 1185 2615 ἐν
1199 2550 1304 2615 ἐλπίδι
1316 2556 1375 2616 τοῦ
1390 2549 1467 2614 πάν-

301 2661 364 2704 τυις
387 2633 620 2723 ἀπολεῑςθαιί),
647 2644 675 2701 V
696 2646 767 2705 176.
788 2646 860 2705 332.
888 2645 932 2703 VI
953 2647 993 2706 23
1022 2639 1136 2704 ἐλπίδα
1163 2644 1221 2705 τοῦ
1249 2641 1467 2718 ἐπιπεςεῑςθαι,

302 2735 336 2792 Β.
351 2734 381 2793 II
399 2737 448 2810 15,
465 2725 584 2814 2(176,
597 2724 652 2814 16)
672 2729 787 2793 ἐλπίδα
805 2733 862 2793 τοῦ
883 2731 1000 2808 μηδὲν.
1016 2780 1022 2794 .
1038 2781 1045 2793 .
1059 2731 1309 2809 παρανομήςειν,
1327 2734 1364 2795 Α.
1383 2733 1468 2792 XVII

304 2825 367 2883 327
387 2817 491 2883 ἐλπίδι
509 2823 567 2882 τοῦ
586 2816 772 2898 ἀπολαβεῖν,
790 2822 861 2882 XIX
877 2826 916 2883 13
937 2820 1040 2883 ἐλπίδι
1058 2822 1117 2884 τοῦ
1136 2823 1347 2899 παραλαβεῖν,
1368 2826 1466 2882 tamon

302 2912 507 2990 participium,
532 2911 709 2987 praesertim
727 2912 758 2970 iu
776 2913 833 2971 boc
855 2913 920 2988 ipso
939 2913 1015 2972 libro
1040 2903 1123 2994 (ride
1146 2912 1224 2971 iufra
1248 2933 1276 2988 p.
1291 2907 1361 2993 26),
1385 2932 1465 2988 prse-

302 3002 458 3061 ferendum
478 3019 543 3060 esse
561 2999 690 3078 plurima
709 3001 846 3076 exempla
862 3002 977 3077 docent,
995 3021 1012 3061 e
1031 3002 1138 3077 quibus
1158 3003 1256 3061 elucet
1269 3002 1389 3079 Iosepbi
1400 3020 1464 3081 pro-

304 3091 401 3166 prium
429 3090 521 3150 fuisse
548 3089 706 3167 participia
730 3091 833 3149 futura
854 3091 886 3150 vi
908 3091 1164 3151 substantivorum
1187 3091 1405 3150 abstractorurn
1426 3093 1465 3150 in·

296 3184 432 3264 struere.
460 3180 579 3257 singule
598 3198 674 3238 nunc
693 3179 856 3252 videamus,
876 3199 952 3257 quae
965 3181 1085 3255 quidem
1098 3181 1130 3239 in
1144 3179 1245 3240 decem
1259 3181 1464 3258 antiquitatum

303 3269 389 3328 libris
409 3268 622 3344 posterioribus
641 3269 846 3328 inveniuntur:
865 3269 902 3328 A.
917 3269 960 3329 XI
976 3271 1038 3328 247
1057 3266 1095 3328 τὸ
1111 3265 1353 3346 ςυμβηςόμενον,
1372 3269 1409 3328 ib.
1422 3269 1463 3347 τῷ

303 3355 519 3436 γενηςομένῳ,
547 3356 622 3416 XIII
642 3359 702 3418 161
728 3353 766 3418 τὸ
789 3351 821 3417 δ’
846 3352 1027 3434 ὠφελῆςον,
1055 3358 1141 3416 XVII
1161 3361 1202 3420 50
1224 3355 1263 3418 τὸ
1287 3353 1331 3419 εἰς
1353 3355 1463 3418 ταύτὸν

305 3441 515 3520 ςυνεςόμενον
533 3439 729 3524 ‘conventus’,
751 3447 790 3507 ib.
807 3449 870 3508 102
889 3447 946 3507 τοῦ
966 3445 1287 3522 ςυναπολαυςομένου
1305 3447 1411 3522 τιμῶν,
1428 3447 1463 3506 ib.

308 3539 369 3597 128
388 3531 426 3595 τὸ
446 3532 685 3610 ἐπιματυρῆςον,
704 3536 743 3596 ib.
760 3539 821 3597 156
841 3536 899 3598 τοῦ
913 3531 1087 3612 ὀνήςοντος
1102 3531 1276 3611 ‘utililatis'‚
1294 3537 1334 3598 ib.
1351 3539 1410 3598 159
1428 3533 1462 3596 τὸ

305 3623 502 3700 ἐφομιλῆςον
529 3620 628 3685 αὐτοῦ
656 3617 728 3706 (τοῦ
757 3619 911 3705 θανάτου)
940 3619 1032 3686 ‘mors
1061 3619 1322 3703 appropinquans',
1348 3627 1386 3686 ib.
1406 3627 1460 3686 172

306 3708 380 3789 μηδ’
403 3711 514 3789 ἥντινα
540 3708 620 3790 ἀμφὶ
647 3715 705 3773 τοῦ
733 3711 953 3788 ςωθηςομένου
981 3710 1095 3775 ἐλπίδα
1121 3709 1206 3788 ἔχων
1230 3709 1325 3792 ‘spem
1353 3709 1462 3775 solutis'

395 3932 422 4001 1)
441 3929 579 3986 observat.
597 3929 742 3999 phil-crit.
762 3948 788 3999 p.
805 3935 864 3984 146,

395 4006 422 4072 2)
442 4003 564 4056 ceterum
584 4002 617 4056 cf.
632 4001 664 4055 A.
679 4000 744 4054 XIII
758 4006 808 4054 117
828 4000 957 4054 κίνδυνον
969 4002 1020 4055 τὸν
1034 4004 1096 4068 περί
1110 4003 1241 4070 θανάτου,
1260 3998 1325 4055 XVI
1337 4005 1396 4056 322.
1411 4001 1460 4060 vit.

306 4078 357 4128 272
377 4073 503 4128 κίνδυνος
525 4072 674 4140 ἀπωλείας,
694 4072 744 4126 XX
758 4075 793 4125 81
815 4073 865 4125 τὸν
884 4073 953 4139 ὑπὲρ
970 4077 1021 4140 τῆς
1039 4078 1130 4140 ψυχῆς
1148 4073 1289 4140 κίνδυνον,
1310 4072 1460 4140 Β.1116,1

306 4147 378 4213 (176,
393 4148 421 4212 5)
438 4145 488 4198 τὸν
506 4148 568 4212 περί
586 4149 637 4198 τοῦ
656 4147 707 4210 Ζῆν
725 4143 861 4199 κίνδυνον.
894 4143 948 4196 τίτί.
968 4141 1054 4197 etiam
1073 4144 1226 4211 Goetaeler,
1246 4143 1418 4212 quaestiones
1435 4145 1461 4200 in

306 4215 427 4285 Appiani
446 4218 475 4269 et
492 4214 602 4285 Polybii
621 4212 731 4269 dicendi
749 4231 845 4284 genus.
881 4212 1003 4268 Wirceb.
1025 4218 1101 4270 1890.
1129 4233 1156 4284 p.
1177 4221 1219 4270 73ι

397 4290 423 4355 3)
443 4287 477 4340 de
496 4285 607 4355 Iosepbi
625 4284 699 4341 stilo.
718 4283 842 4355 opuscul.
860 4283 959 4354 philol.
979 4285 1021 4340 ed.
1042 4286 1075 4342 II.
1103 4303 1129 4356 p.
1150 4292 1210 4340 400,

396 4360 424 4428 4)
443 4357 482 4411 sic
501 4357 598 4427 Nicro,
621 4358 767 4412 ἀπολέςθαι
790 4356 870 4414 codd.
895 4358 1016 4412 ceterum
1037 4357 1070 4411 cf.
1092 4355 1178 4412 etiem
1197 4357 1270 4412 Sext
1290 4355 1395 4426 Empir.
1412 4363 1461 4427 6,9

309 4429 395 4486 Boin.
414 4432 467 4497 τὴν
486 4427 582 4483 ἐλπίδα
599 4434 651 4484 rot)
670 4429 875 4498 ἀταρακτήςειν.
1075 4450 1078 4458 ·
