3166 5026
238 1226 335 1287 Flavii
348 1225 467 1302 Iosephi
487 1245 577 1302 opera
595 1227 653 1286 etsi
671 1227 739 1292 inde
759 1227 796 1286 sb
811 1245 888 1286 anno
906 1229 991 1288 1544
1011 1229 1042 1288 et
1060 1228 1220 1306 diligenter
1239 1231 1317 1308 lege·

148 1316 260 1376 bantur
279 1318 310 1375 et
328 1315 467 1375 laudibus
486 1316 696 1391 efferebantur,
714 1319 816 1376 tomen
834 1335 900 1376 sero
919 1317 1080 1378 admodum
1098 1318 1156 1378 viri
1175 1319 1254 1378 docti
1273 1320 1316 1380 eia

148 1406 310 1466 secundum
330 1405 509 1482 optimorum
535 1404 669 1465 codicum
692 1405 781 1465 fidem
806 1407 993 1466 recensendis
1017 1426 1137 1483 operam
1162 1408 1317 1469 dederunt.

148 1495 308 1573 editiones,
327 1513 402 1572 ques
426 1495 545 1571 quidem
567 1493 729 1554 Hudsonns
754 1485 872 1577 (1720)
900 1498 931 1554 et
953 1495 1176 1572 Hauercampus
1200 1490 1318 1579 (1726)

148 1586 345 1662 paraverunt,
376 1603 435 1644 non
471 1583 573 1662 magni
604 1585 807 1644 aestimandae
844 1586 923 1646 sunt.
967 1603 1026 1655 gneo
1056 1584 1228 1646 Dindorfius
1265 1590 1319 1648 aut

148 1674 304 1734 Beklrerus
323 1692 505 1752 quamquam
529 1673 576 1734 bic
599 1673 661 1733 illic
680 1674 759 1734 locos
779 1676 934 1750 corruptos
961 1675 1170 1752 emendarunt,
1188 1677 1319 1736 multum

149 1765 186 1826 ed
205 1763 327 1838 Iosephi
345 1763 438 1822 verbs
456 1763 642 1846 restituendo
660 1763 865 1840 contulerunt,
884 1781 951 1822 cum
973 1753 1033 1823 non
1056 1764 1201 1824 librorum
1219 1765 1318 1842 fidem,

150 1853 201 1913 sed
220 1872 307 1912 suum
322 1852 446 1929 quisque
460 1851 620 1912 arbitrium
639 1854 844 1929 sequerentur.
876 1855 983 1912 neuter
1002 1853 1081 1912 enim
1100 1853 1130 1912 id
1150 1855 1269 1932 agebat,
1285 1857 1319 1913 ut

149 1942 267 2019 Iosephi
286 1941 401 2002 codices
422 1939 551 2001 Graecos
571 1941 768 2018 conquireret,
787 1941 983 2019 examinaret,
1002 1945 1168 2019 excuteret,
1186 1942 1223 2002 sd
1244 1945 1319 2019 opti-

148 2051 265 2093 morum
284 2031 371 2090 fidem
390 2029 510 2107 Iosephi
529 2030 622 2091 verba
638 2030 786 2090 redderet.
823 2023 924 2106 itaque
947 2031 1046 2091 fecere
1070 2050 1129 2092 non
1151 2051 1318 2108 possumus,

149 2122 220 2200 quin
239 2119 399 2180 maximam
417 2120 581 2180 habeamus
599 2119 733 2196 gratiam.
750 2119 910 2188 Benedieto
930 2119 1032 2194 ilices,
1052 2120 1116 2181 viro
1136 2121 1317 2201 doctissimo,

149 2211 200 2289 qui
227 2212 348 2269 auctore
376 2209 501 2277 Alfredo
529 2209 565 2268 de
595 2208 772 2269 Gutschmid
798 2208 1013 2286 antiquitatum
1038 2204 1258 2290 Iudaicorum1)
1288 2215 1319 2271 et

102 2335 109 2350 ·
148 2301 307 2373 librorum,
332 2299 385 2376 qui
413 2301 483 2359 sunt
511 2299 548 2368 de
576 2297 729 2374 scriptoris
753 2298 816 2358 vite
840 2300 870 2357 et
893 2299 929 2358 de
952 2298 1317 2379 Iudaeorum‘uetuetcte

149 2391 312 2451 editionem
329 2407 441 2453 novom
450 2391 600 2464 »apparatu
615 2387 716 2447 critico
730 2387 910 2448 instructum
930 2406 1048 2448 summa
1061 2389 1218 2467 diligentia
1232 2390 1317 2450 nobis

148 2478 268 2557 paravit
286 2480 317 2537 et
336 2477 557 2554 librosquibus
576 2475 748 2542 continetur
766 2476 877 2536 bellum
892 2476 1055 2555 Iudaicum,
1069 2479 1213 2553 proximis
1232 2481 1316 2538 snnis

148 2568 283 2630 editurus
308 2560 361 2628 est
399 2565 518 2626 Niesius
542 2579 723 2642 quamquam
751 2565 913 2626 editionem
940 2566 1076 2626 omnibus
1104 2567 1239 2627 numeris
1265 2568 1314 2628 ab·

148 2659 278 2719 solutam
301 2675 364 2717 non·
384 2656 511 2733 protulit
532 2675 596 2722 nec
609 2655 743 2731 proferre
766 2655 877 2733 voluit,
904 2658 1005 2715 tamen
1024 2656 1219 2716 fundamenta
1236 2656 1315 2731 iecit,

148 2749 180 2807 in
207 2747 315 2824 quibus
345 2765 419 2822 opus
447 2743 622 2812 institutum
647 2743 834 2805 exaedificari
860 2744 964 2820 possit.
999 2744 1162 2806 nouissima
1189 2745 1317 2822 antiqui-

147 2840 245 2898 tatum
269 2834 359 2896 editio
383 2834 484 2897 addito
508 2835 544 2903 de
562 2834 688 2920 [Iosephi
701 2833 765 2893 vita
783 2833 885 2894 libello
903 2853 922 2893 a
940 2833 1069 2910 Nabaro,
1087 2834 1166 2894 inter
1184 2835 1315 2896 Batavos

147 2927 211 2988 viro
231 2924 412 3000 doctissimo,
430 2923 639 3002 proiecta-est,
653 2923 704 2999 qui
719 2922 850 2982 Bekkeri
869 2921 1030 2983 editionem
1048 2924 1316 3000 recognoscendum

148 3014 287 3091 suscepit
333 3015 388 3073 hac
417 3030 534 3090 quoque
554 3013 691 3082 editione
718 3010 839 3088 Iosephi
865 3011 1065 3072 recensionem
1092 3013 1223 3072 multum
1250 3033 1315 3089 pro-

146 3105 252 3165 fecisse
272 3103 404 3162 libenter
423 3102 561 3162 fatemur.
598 3102 710 3161 bellum
729 3100 883 3160 Iudaicum
901 3101 963 3173 ism
981 3104 1070 3160 antea
1087 3091 1204 3182 (1837)
1224 3100 1315 3162 Gard-

147 3195 252 3255 wellus
267 3179 409 3269 ediderat,
424 3192 478 3251 sed
491 3191 554 3252 eius
568 3190 660 3250 editio
675 3208 855 3267 quamquam
868 3190 984 3266 aliquot
997 3189 1141 3251 librorum
1156 3191 1315 3252 lectionem

149 3284 234 3344 nobis
259 3281 445 3358 suppeditat,
463 3282 564 3339 tamen
586 3298 646 3339 non
668 3281 728 3339 iem
751 3279 838 3339 nobis
861 3279 984 3356 probari
1005 3283 1119 3355 potest,
1137 3281 1314 3356 praesertim

148 3391 216 3432 cum
243 3389 297 3430 nec
323 3371 436 3432 codices
459 3371 538 3446 ipsos
562 3371 700 3430 accurate
724 3367 888 3430 excussisse
911 3367 1050 3429 uideatur
1072 3387 1128 3442 nec
1154 3370 1185 3429 in
1213 3387 1315 3430 eorum

148 3460 359 3522 auctoritatem
377 3460 537 3537 diligenter
553 3457 752 3534 inquisiverit.

238 3550 308 3616 Etsi
326 3549 466 3608 ultimum
486 3547 624 3607 editionis
642 3547 801 3607 Niesianae
824 3547 964 3607 uolumen
990 3539 1041 3628 (de
1059 3547 1128 3606 bell.
1146 3539 1226 3630 Iud.)
1244 3567 1316 3607 non-

151 3640 221 3699 dum
238 3639 358 3715 prodiit,
376 3640 478 3697 tamen
496 3656 555 3696 non
574 3637 705 3696 alienum
723 3636 842 3697 uidetur
859 3637 918 3695 iam
938 3655 1016 3696 nunc
1035 3636 1260 3697 observationes
1280 3639 1316 3696 de

148 3729 246 3790 Flavii
264 3727 386 3804 Iosephi
404 3719 573 3787 elocutione
590 3726 733 3802 proferre,
752 3726 822 3802 quic
841 3745 908 3800 apes
928 3727 976 3785 est
992 3723 1066 3805 fore,
1084 3729 1119 3784 ut
1137 3745 1172 3787 ex
1191 3725 1237 3786 his
1261 3726 1315 3785 ali·
1401 3745 1404 3752 ·

151 3819 221 3894 quid
254 3818 369 3878 fructus
402 3816 584 3892 percipiatur
616 3815 655 3874 ad
685 3813 805 3891 Iosephi
837 3814 930 3874 verba
962 3815 1156 3876 restituenda.
1192 3815 1317 3895 primus,

147 3910 292 3986 quantum
315 3906 415 3983 video,
433 3905 477 3968 Ic.
495 3907 573 3981 Aug.
592 3903 712 3963 Ernesti
731 3897 784 3963 ‘de
802 3904 920 3979 Iosephi
944 3896 1063 3984 stilo'l)
1082 3904 1165 3964 dixit.
1203 3923 1263 3982 qua
1285 3904 1316 3963 in

236 4097 264 4161 1)
283 4092 316 4148 A.
328 4091 573 4162 =sntiquitatum
591 4091 767 4147 ludaicarum
786 4085 851 4148 libri
871 4091 930 4147 XX.
967 4091 1087 4148 B.=de
1106 4089 1182 4146 bello
1201 4090 1315 4147 Iudaico

146 4165 211 4249 libri
228 4165 289 4221 VII.
325 4162 378 4248 Ap.
394 4190 428 4247 ε,
442 4165 477 4218 de
495 4163 661 4218 Iudaeorum
680 4165 820 4219 vetustate
846 4163 905 4218 sive
925 4165 1024 4218 contra
1041 4163 1178 4232 Apioncm
1195 4161 1263 4218 libri
1281 4163 1315 4220 Il.

148 4238 204 4293 νώ·
219 4237 549 4377 Ἓ)Ι(Ι)ἓ.θρέιιιςῗιῗὲιιθεῒὶ,
568 4305 704 4376 opuscula
721 4306 894 4376 philologica
912 4307 941 4361 et
959 4304 1058 4359 critica
1076 4305 1120 4359 ed.
1139 4303 1165 4358 Il
1183 4323 1211 4374 p.
1226 4309 1313 4360 395-

148 4377 432 4508 ffivgffiiffign'
460 4377 643 4434 Flavianoel
666 4376 845 4433 corollarium
873 4377 907 4432 de
935 4375 1047 4446 Iosephi
1072 4375 1146 4433 stilo.
1184 4375 1315 4446 Lugduni
