3166 5026
283 268 325 333 26
706 266 859 325 Guilelmus
879 269 1020 325 Schmidt:

281 438 431 498 Lucienus
439 429 478 518 ¹),
501 437 657 498 Aristides.
665 428 690 519 ¹)
727 456 781 497 neo
807 438 916 499 desunt
938 441 1072 516 exempla
1094 441 1124 499 in
1147 440 1232 500 libris
1256 441 1346 500 sacris
1370 441 1457 500 Novi

283 518 508 610 resumenffl),
527 545 619 603 quare
637 529 690 586 tuo
708 526 773 586 iure
792 528 951 604 suspiceris
970 547 1007 588 ne
1027 547 1192 589 sermonem
1212 531 1368 606 vulgarem
1381 531 1455 607 qui·

283 618 350 676 dem
372 615 410 676 ab
433 618 488 676 hac
513 616 640 676 dictione
664 608 890 688 abhorruisse.³l
927 617 1067 694 quidnam
1089 619 1215 680 interest
1237 621 1316 679 inter
1338 621 1392 679 bos
1421 623 1458 679 et

281 705 464 783 Iosopbum‘?
492 705 643 766 consentit
664 705 711 765 hic
734 723 802 764 cum
824 705 885 766 illis
908 705 939 765 in
957 704 1138 790 usurpandis
1156 709 1271 770 neutris
1290 708 1456 770 adiectivo-

281 816 348 855 rum
367 797 397 854 et
415 795 639 872 participiorum
659 794 858 873 simplicibus,
881 797 1008 856 maxime
1027 816 1098 859 vero
1117 799 1154 858 ab
1174 799 1216 858 eis
1236 799 1348 874 differt,
1367 800 1454 874 quod

281 885 505 960 participiorum
520 883 635 944 neutris
649 901 708 944 non
723 884 819 943 solum
833 886 1008 963 praesentis,
1023 888 1074 946 sed
1089 889 1180 948 etiam
1197 887 1299 964 futurI,
1314 889 1454 965 perfecti,

282 974 387 1034 aoristi
412 979 473 1034 tam
493 975 665 1050 frequenter
682 972 787 1049 positIs
807 975 902 1034 multa
920 976 1123 1036 additamenta
1141 995 1285 1054 persaepe
1303 975 1453 1054 adiungit,

281 1063 452 1140 genetivos,
470 1062 597 1140 deliros,
616 1061 811 1139 accusativos,
829 1065 1064 1140 praepositiones
1084 1084 1151 1125 cum
1171 1067 1232 1126 suis
1251 1066 1378 1144 casibus,
1396 1067 1453 1124 ad-

282 1153 394 1229 verbia,
412 1153 480 1212 alia.
513 1152 565 1211 sed
583 1152 639 1212 hac
653 1152 684 1210 in
697 1171 730 1211 re
743 1152 886 1228 Iosephus
900 1173 961 1213 non
975 1154 1071 1214 solum
1085 1156 1123 1216 ab
1137 1155 1204 1214 aliis
1218 1155 1376 1232 discrepat,
1396 1156 1453 1214 sed

282 1243 373 1301 etiam
398 1259 416 1300 a
435 1243 530 1302 semet
548 1240 621 1317 ipso.
657 1241 708 1301 illo
728 1243 804 1300 enirn
825 1245 887 1302 tam
906 1243 1036 1302 insolens
1055 1244 1280 1321 participiorum
1299 1261 1370 1304 usus
1389 1264 1454 1303 non

282 1332 313 1391 in
333 1331 470 1390 omnibus
488 1328 610 1405 Iosephi
626 1329 711 1390 librIs
731 1331 833 1390 eodem
853 1332 940 1391 modo
959 1333 1191 1412 iuventturhsed
1208 1333 1398 1409 potissimum
1418 1335 1454 1391 in

283 1419 497 1496 antiquItetum
517 1419 601 1478 libris
616 1419 711 1494 XVII,
726 1419 837 1496 XVIII,
852 1421 930 1481 XIX.
954 1424 1009 1482 hoo
1022 1423 1136 1498 primus
1151 1423 1361 1483 animadvertit
1375 1421 1453 1482 Hol-

283 1500 424 1589 werda4),
443 1509 494 1584 qui
514 1508 555 1568 sic
573 1509 679 1568 refert:
699 1503 776 1570 ‘tota
794 1510 867 1569 haec
881 1510 917 1569 de
932 1509 1088 1596 Caligulae
1102 1516 1197 1572 morte
1210 1511 1353 1587 namatio,
1371 1530 1453 1588 quae

281 1599 409 1658 maxima
436 1598 506 1656 libri
530 1597 600 1656 XIX
627 1602 714 1675 parte
742 1599 924 1673 continetur,
953 1601 1096 1660 orationis
1120 1620 1229 1678 genere
1252 1601 1391 1677 perplexo
1414 1620 1453 1660 ac

281 1692 417 1748 tortuoso
436 1687 605 1762 conscripta
623 1691 676 1746 est.
714 1689 792 1762 quod
811 1688 888 1747 idem
909 1689 940 1748 in
958 1690 1028 1751 libri
1047 1691 1101 1748 XV
1119 1693 1205 1767 parte
1224 1695 1365 1767 extrema,
1384 1693 1452 1750 tum

280 1777 311 1836 in
334 1776 420 1836 libris
438 1773 522 1854 XVI,
546 1776 632 1835 XVII
651 1778 681 1834 et
699 1776 802 1836 XVIII
824 1777 1060 1840 animadvertere
1082 1781 1160 1839 licet.
1197 1783 1342 1857 quantum
1361 1779 1412 1839 isti
1431 1798 1453 1838 a

280 1867 429 1943 prioribus
454 1866 540 1925 libris
563 1865 715 1940 differant,
739 1866 796 1925 dici
820 1869 868 1927 vix
887 1871 994 1944 potest.
1031 1869 1083 1930 lib.
1101 1870 1157 1928 XX
1175 1869 1340 1929 orationem
1358 1869 1452 1928 habet

280 1957 396 2016 facilem
412 1975 446 2015 ac
460 1956 656 2032 perspicuam,
672 1955 724 2032 sed
738 1975 841 2016 rursus
856 1960 920 2016 tum
935 1958 973 2016 ab
987 1959 1042 2032 his,
1061 1960 1127 2017 tum
1141 1959 1178 2018 ab
1192 1958 1254 2017 illis
1269 1977 1451 2034 magnopere

281 2046 417 2107 diversus
437 2037 503 2104 est’
542 2048 572 2103 et
594 2045 741 2120 profecto,
765 2046 815 2122 qui
839 2045 906 2104 illos
924 2047 1044 2124 Iosephi
1062 2046 1344 2124 libros'perlegerit,
1362 2047 1451 2106 facile

281 2135 447 2211 Intelleget,
466 2152 557 2210 quam
568 2127 644 2191 'vere
666 2134 713 2194 vir
731 2135 835 2194 doctus
854 2154 918 2192 rem
938 2137 1113 2197 observarIt.
1145 2140 1177 2196 at
1190 2137 1221 2195 in
1234 2136 1450 2212 antiquitatum

281 2225 366 2284 libris
388 2223 518 2302 quinque
541 2222 757 2298 posterioribus
779 2225 947 2299 permultae
969 2226 1072 2286 insunt
1091 2226 1276 2303 corruptelae
1294 2226 1327 2284 in
1345 2224 1450 2286 codici-

280 2315 336 2374 bus
367 2313 479 2372 nostris
508 2311 652 2372 omnibus.
695 2313 835 2390 concedo,
869 2314 920 2372 sed
947 2313 979 2372 in
1006 2315 1171 2392 participiis
1198 2314 1351 2374 tradendis
1378 2314 1447 2374 libri

280 2421 460 2480 magnopere
486 2401 543 2460 sibi
566 2404 711 2461 constant.
747 2403 807 2462 ism
825 2407 860 2462 ut
878 2403 915 2462 ad
933 2423 998 2464 rem
1015 2405 1200 2481 propositam
1219 2404 1388 2477 redeamus,
1411 2423 1447 2462 ex

280 2493 336 2570 eis,
355 2511 431 2568 quae
450 2509 540 2566 supra
558 2511 585 2566 p.
607 2493 735 2550 22—25
755 2493 912 2552 attulimus
930 2492 1026 2552 futuri
1046 2498 1077 2553 et
1097 2495 1264 2571 praesentis
1282 2493 1446 2570 participiis

280 2582 377 2641 neutri
397 2579 515 2658 generis
534 2571 620 2662 (sunt
638 2584 740 2639 autem
758 2582 869 2657 omnia,
896 2601 1099 2660 quaecumque
1117 2584 1148 2641 in
1167 2583 1268 2644 decem
1286 2583 1445 2659 antiquita-

279 2675 344 2730 tum
372 2670 457 2729 libris
485 2670 700 2744 posterioribus
720 2665 893 2750 leguntur),
927 2671 1012 2744 satis,
1046 2673 1164 2748 opinor,
1196 2673 1306 2749 elucet,
1338 2672 1445 2748 quibus

279 2763 352 2820 haec
370 2763 432 2818 tam
452 2759 583 2818 insolens
602 2759 742 2836 loquendi
760 2761 855 2820 forma
874 2762 1060 2820 contineatur
1077 2762 1172 2821 libris.
1207 2765 1241 2820 ut
1259 2780 1307 2820 res
1325 2779 1445 2836 prorsus

279 2849 407 2926 perspici
424 2853 535 2925 posset,
554 2850 653 2909 omnia
671 2850 701 2908 id
720 2868 814 2928 genus
834 2851 970 2927 exempla
984 2851 1107 2910 excussi
1139 2870 1217 2911 nunc
1230 2851 1274 2910 ita
1288 2851 1443 2926 proferam,

280 2943 315 2998 ut
333 2939 371 2998 ab
390 2957 448 2997 usu
466 2938 693 3014 participiorum
711 2940 835 3015 perlecti
853 2940 1036 3017 incipiamus,
1054 2943 1119 2999 tum
1135 2940 1239 3000 aoristi
1253 2940 1396 3000 addamus
1410 2959 1443 2999 ex

280 3030 381 3088 decem
399 3027 459 3086 illis
478 3027 564 3086 libris
584 3027 690 3087 omnia.

369 3117 450 3176 Haec
470 3120 540 3175 sunt
559 3117 646 3175 huius
666 3117 783 3192 generis
801 3117 961 3194 participia
979 3119 1116 3194 perfectI:
1141 3120 1177 3178 A.
1192 3118 1233 3177 XI
1248 3121 1289 3178 43
1309 3114 1349 3176 τὰ
1368 3134 1444 3191 προ-

281 3203 442 3281 ειρημένα,
470 3207 509 3264 ib.
527 3207 590 3266 240
612 3206 670 3266 rob
694 3202 935 3282 (υμβεβηκότοε,
962 3208 1001 3268 ib.
1024 3209 1095 3269 259.
1116 3208 1191 3266 XIII
1204 3209 1279 3268 433.
1297 3207 1368 3266 XVI
1384 3209 1443 3266 125

280 3292 320 3356 τὰ
339 3289 560 3370 ενμβεβηκότα,
582 3294 639 3354 XII
655 3298 696 3356 20
715 3292 752 3355 τὸ
772 3293 820 3355 coi
838 3294 1071 3371 κεχαριεμένον,
1091 3297 1165 3357 XIII
1180 3300 1219 3357 61
1240 3293 1277 3356 τὸ
1297 3296 1375 3372 (νμβ
1395 3297 1444 3372 βη-

280 3382 335 3445 κὸ(
354 3380 426 3457 περὶ
446 3379 557 3457 αὐτόν,
578 3384 696 3444 111193
716 3385 782 3444 τῶν
801 3383 873 3460 περὶ
891 3383 949 3445 τὸν
969 3381 1117 3460 Ἰωνάθην
1136 3381 1389 3462 ευμβεβηκότων,
1408 3385 1445 3445 ib.

283 3477 345 3534 194
369 3470 422 3532 ἐπὶ
449 3472 517 3532 roic
541 3467 775 3549 (υμβεβηκόειν,
803 3475 843 3534 ib.
863 3477 926 3535 316
950 3476 1008 3535 τοῦ
1033 3471 1228 3550 (υνειδότοε,
1254 3474 1325 3534 XIV
1347 3477 1386 3534 13
1409 3471 1445 3534 τὸ

282 3559 475 3637 παρειμένον
493 3562 549 3635 τῆ(
567 3557 721 3637 διανοίας,
745 3563 801 3622 XV
818 3567 879 3623 144
899 3561 937 3624 τὸ
956 3560 1103 3639 γεγονός,
1128 3566 1166 3624 ib.
1186 3565 1253 3625 τοῖς
1272 3559 1445 3637 γεγονόειν,

280 3651 350 3712 XVI
367 3655 407 3712 75
433 3650 491 3710 τοῦ
518 3647 818 3727 προεπεπτωκότοε,
846 3654 1041 3734 1111001111
1067 3649 1234 3729 (cretton,
1262 3654 1301 3712 ib.
1323 3655 1385 3713 203
1410 3649 1444 3713 τὸ

369 3825 396 3886 1)
415 3820 544 3888 Schmid,
562 3819 726 3888 Atticismus
746 3821 832 3879 1233.
852 3822 933 3879 1134.

368 3897 396 3964 2)
416 3892 513 3947 Winer
531 3893 549 3948 l.
569 3891 587 3947 l.
607 3911 635 3962 p.
650 3897 711 3948 220.
731 3894 804 3949 232⁷.

291 3998 294 4004 ·
370 3971 398 4033 3)
418 3964 530 4020 Schmid
550 3965 567 4020 l.
587 3964 694 4020 1187.

369 4039 397 4107 4)
416 4037 555 4091 emendat.
578 4034 704 4090 Flavias.
724 4056 749 4106 p.
772 4042 830 4090 101.
864 4037 899 4091 cf.
918 4057 945 4104 p.
962 4042 1118 4109 128-134,
1142 4041 1203 4093 turn
1227 4039 1362 4093 observat.
1387 4038 1445 4093 crit.

279 4109 412 4164 Mnemos.
431 4107 458 4160 ΙΙ
478 4114 536 4162 113.
562 4112 622 4161 117.
647 4112 706 4162 121.
732 4114 789 4162 122,
817 4114 875 4164 127.
900 4113 1123 4178 129.130.132,'
1152 4109 1271 4178 denique
1293 4109 1369 4164 idem
1389 4126 1446 4165 rem

280 4180 379 4248 attigit
397 4181 425 4232 in
445 4179 599 4246 annalibus,
620 4179 720 4247 quibus
739 4196 839 4233 nomen
859 4182 903 4234 est
922 4180 1081 4250 ‘verslagen
1100 4199 1133 4237 en
1149 4180 1386 4250 mededeelingen,
1407 4182 1446 4235 ai-

281 4252 393 4319 deeling
420 4249 609 4304 letterlrunde’
636 4251 727 4305 11106
746 4252 838 4320 (1872)
864 4250 894 4305 in
918 4253 1166 4321 commentatione,
1192 4269 1264 4321 quae
1288 4250 1446 4306 inscribitur

282 4321 403 4376 ‘allerlei
421 4320 465 4374 uit
479 4321 633 4390 Iosephus'.
662 4324 727 4377 ante
742 4322 920 4377 Holvverdam
939 4341 998 4378 rom
1017 4326 1115 4393 paucis
1133 4325 1161 4377 in
1177 4323 1273 4378 libello
1288 4323 1322 4377 de
1336 4323 1445 4392 Iosephi

281 4393 347 4449 stilo
361 4410 388 4462 p.
397 4398 449 4447 400
464 4392 607 4452 Ernestius
621 4395 830 4462 perstrinxerat,
844 4398 909 4464 post
923 4394 1003 4450 illum
1019 4412 1079 4450 eam
1096 4395 1256 4450 observavit
1270 4395 1297 4450 S.
1308 4393 1339 4448 A.
1356 4394 1445 4449 Naber

280 4465 413 4521 Mnemos.
434 4463 468 4520 N.
488 4461 514 4516 S.
534 4462 599 4517 Xlll
613 4469 673 4519 282.
694 4470 753 4520 379.
