3166 5026
274 267 316 330 36
386 295 391 307 ·
698 261 852 320 Guilelmus
871 220 1019 320 Schmidt·

275 435 395 494 thorum
415 434 489 493 fines
503 433 683 509 irrumpunt,
698 433 769 510 quia
783 433 935 493 confidunt
949 452 980 494 se
994 433 1050 493 hoc
1064 431 1216 508 Vologese
1231 450 1301 508 rege
1317 431 1449 491 absente

273 524 394 600 impune
421 523 567 600 facturos3
592 523 693 600 itaque
720 542 779 583 non
809 525 1002 584 contemnunt
1030 522 1094 582 eius
1117 521 1296 597 absentiam,
1322 522 1373 580 sed
1395 521 1449 580 in·

274 612 378 689 primis
399 631 434 672 ea
452 612 611 673 confidunt.
618 605 644 694 ¹)
672 612 703 671 ni
721 612 819 685 fallor,
834 613 907 672 haec
925 613 1009 672 verbi
1028 610 1244 686 καταφρονεῖν
1264 609 1448 686 significatio

274 703 352 778 apud
368 721 459 760 unum
473 702 634 778 Iosephum
649 701 786 781 occurrit,
801 702 851 778 qui
868 720 933 760 eam
947 701 1110 777 applicavit
1125 701 1163 760 ad
1172 700 1264 760 verba
1274 695 1445 772 πιςτεύειν,

273 791 412 869 Θαρρεῖν,
431 791 503 850 alia:
519 791 554 850 A.
569 790 643 850 XIII
660 793 721 850 122
742 786 984 851 πεπιςτευκότες
998 791 1036 870 τῇ
1056 784 1224 865 ὀχυρότητι
1238 788 1297 848 τοῦ
1312 784 1446 863 χωρίου,

273 881 308 938 A.
327 879 382 938 XX
403 882 464 940 175
485 879 530 959 τῷ
549 875 680 960 πλούτῳ
700 880 906 956 θαρροῦντες,
926 881 1053 940 fortasse
1078 879 1253 939 elocutionis
1280 879 1447 938 variandae

275 969 383 1029 studio.
415 988 482 1029 cum
500 969 720 1045 praepositione
739 965 792 1030 ἐπὶ
811 970 867 1029 hoc
885 970 1010 1030 verbum
1029 968 1132 1028 eadem
1151 969 1272 1029 notione
1291 967 1448 1029 invenitur

273 1058 309 1117 A.
329 1057 356 1114 V
374 1060 415 1118 45
441 1054 494 1120 ἐπὶ
518 1053 586 1137 νίκῃ
606 1059 900 1134 καταφρονοῦντας.
937 1058 973 1118 of.
993 1057 1098 1118 V356
1119 1055 1171 1118 ἐπὶ
1189 1059 1227 1138 τῇ
1246 1057 1369 1137 κιβωτῷ
1389 1073 1443 1116 τε-

274 1143 477 1222 θαρςηκότας

361 1231 626 1312 ὑπερηφανεῖν
658 1255 676 1296 a
703 1237 800 1314 poetis
826 1232 876 1315 (ΙΙ.
896 1241 951 1316 11,
967 1229 1045 1320 694)
1074 1237 1233 1312 scriptores
1262 1237 1445 1296 recentiores

273 1326 401 1387 mutuati
425 1328 507 1403 sunt,
532 1326 583 1385 sed
608 1345 674 1386 oum
698 1327 780 1403 prius
804 1327 993 1386 intransitive
1022 1328 1219 1403 usurparetur
1248 1316 1444 1408 (‘superbum

274 1435 351 1489 esse,
370 1434 402 1474 se
427 1406 569 1496 iactare')
593 1435 670 1476 nunc
694 1416 756 1477 vim
779 1415 968 1476 transitivum
993 1415 1114 1493 accipit,
1131 1418 1167 1475 ut
1190 1414 1338 1492 significet
1356 1409 1444 1474 ‘oon-

272 1497 430 1564 temnere'.
457 1505 631 1582 plerumque
646 1523 714 1564 oum
728 1505 896 1565 accusativo
911 1505 1055 1584 iungitur,
1070 1508 1105 1564 ut
1118 1503 1274 1581 ePclybio
1285 1495 1445 1583 V33‚8²),

272 1585 448 1673 Diodoro³)‚
471 1594 601 1655 Lucieno
620 1594 704 1670 Nigr.
726 1584 817 1676 31⁴),
839 1595 884 1653 ita
907 1613 925 1653 a
947 1594 1075 1670 Iosepho
1094 1595 1178 1654 velut
1196 1594 1231 1653 A.
1251 1591 1295 1651 IV
1314 1593 1391 1666 259,
1414 1592 1445 1651 si

275 1703 342 1742 cum
362 1683 481 1742 Nubero
501 1684 630 1742 codicem
650 1683 669 1741 S
690 1685 836 1760 sequeris,
855 1683 897 1741 VI
917 1685 958 1743 38
986 1679 1062 1763 (οὐκ
1086 1679 1210 1744 ἐκεῖνον
1233 1677 1442 1757 ὑπερηφανή-

269 1766 411 1852 ροντας),
435 1771 506 1830 XVI
527 1775 600 1834 194.
618 1772 672 1831 XX
694 1774 765 1831 142.
785 1773 819 1833 Β.
838 1773 853 1831 Ι
874 1775 958 1848 17,8
980 1765 1045 1850 (67,
1060 1763 1104 1854 4).
1127 1775 1210 1846 19,6
1230 1766 1297 1851 (74,
1313 1765 1378 1852 22).
1396 1770 1443 1828 VI

277 1863 340 1934 9,4
359 1855 447 1938 (118,
463 1853 528 1940 51).
566 1861 618 1920 sed
636 1862 810 1938 genetivum
827 1862 906 1922 idem
925 1864 1026 1937 posuit
1044 1863 1081 1923 A.
1100 1862 1153 1920 XX
1174 1863 1214 1922 56
1235 1855 1306 1934 μηδ’
1324 1856 1441 1934 ὑπερη·

275 1947 419 2029 φανήςῃς
451 1948 607 2025 δεομένου
640 1953 671 2010 et
702 1950 737 2010 B.
755 1950 799 2009 VI
819 1953 910 2023 2,10
929 1948 1002 2032 (88,
1021 1943 1078 2031 23)
1109 1949 1176 2010 τῶν
1207 1946 1306 2028 ταύτῃ
1339 1965 1441 2024 παρα-

272 2036 477 2115 τεταγμένων
496 2035 527 2099 οἱ
546 2036 663 2101 πολλοὶ
682 2036 739 2114 μὲν
758 2034 1002 2115 ὑπερηφάνουν,
1021 2057 1097 2119 quae
1116 2042 1269 2100 structura
1285 2040 1383 2100 nescio
1402 2057 1440 2098 an

273 2128 346 2190 alibi
365 2127 452 2189 obvia
470 2147 529 2188 non
550 2129 598 2188 sit.

361 2218 528 2279 AH231
563 2212 608 2277 ὡς
636 2214 775 2293 Μωυςῆν
809 2212 1001 2294 θεαεάμενος
1031 2217 1071 2294 μὴ
1109 2215 1345 2294 ἐκπλαγῆναι
1376 2216 1441 2290 τῆς

273 2300 497 2383 εὐμορφίας,
524 2326 600 2383 quae
619 2308 711 2367 verba
729 2309 874 2383 praebent
891 2327 992 2368 omnes
1011 2307 1093 2384 libri,
1117 2307 1188 2385 fuit,
1208 2327 1274 2366 cum
1292 2310 1440 2382 temptare

272 2396 390 2455 vellem.
428 2396 479 2454 sed
500 2415 680 2473 quamquam
704 2396 777 2454 alibi
800 2393 1025 2472 ἐκπλήττεςθαι
1049 2404 1102 2456 aut
1125 2397 1327 2457 accusativum
1352 2396 1441 2454 habet

272 2485 355 2544 velut
369 2483 406 2544 A.
417 2484 493 2544 VllI
504 2487 576 2545 168.
592 2485 650 2543 XII
667 2487 739 2545 110.
755 2488 828 2546 128.
846 2485 950 2545 XVIH
966 2489 1027 2547 296
1044 2491 1098 2546 aut
1111 2485 1246 2545 dativum
1260 2476 1353 2567 (All
1368 2485 1439 2543 270.

271 2572 375 2634 XVIII
391 2576 465 2650 325,
483 2574 520 2632 of.
540 2573 630 2632 etiam
644 2573 748 2633 XVIII
764 2576 807 2636 40
826 2572 1039 2647 καταπλαγεὶς
1058 2576 1104 2655 τῷ
1123 2573 1235 2655 πολλῷ
1255 2574 1311 2649 τῆς
1330 2569 1438 2648 εὐμορ-

207 2673 211 2682 ’
272 2656 362 2743 φίας)
386 2667 439 2722 aut
463 2659 544 2738 πρὸς
563 2681 629 2722 cunr
649 2665 818 2724 accusativo
837 2664 871 2724 B.
891 2664 922 2723 Π
938 2668 995 2743 9,2
1010 2659 1100 2744 (154,
1117 2655 1186 2746 26),
1210 2669 1313 2724 tamen
1335 2661 1438 2724 similis

272 2752 355 2811 locus
375 2755 472 2812 exstat
486 2752 520 2811 A.
534 2751 621 2811 XVII
634 2754 697 2812 110
716 2753 774 2812 τοῦ
793 2754 948 2829 μιμεῑςθαι
966 2751 1023 2828 τὴν
1043 2748 1209 2826 ἀςέλγειαν
1223 2749 1330 2813 αὐτῶν
1345 2768 1438 2811 cuor-

273 2835 428 2901 δάςαντος
447 2838 691 2916 ἐκπεπλήγμεθα
710 2835 845 2919 ‘propter
864 2843 996 2902 studium
1013 2843 1134 2902 illorum
1153 2842 1360 2920 protervitatis
1376 2841 1438 2899 imi-

272 2931 381 2988 tandae
400 2934 430 2989 te
449 2924 604 2989 miramur'
624 2922 697 3011 (vid.
718 2949 807 3007 supra
825 2953 853 3009 p.
870 2923 937 3012 27).
961 2934 1099 2992 similiter
1117 2935 1152 2993 A.
1173 2933 1203 2991 Il
1222 2933 1285 2991 231
1303 2928 1437 3004 Μωυςῆν

271 3037 331 3076 non
361 3019 458 3077 solum
481 3019 518 3078 ad
542 3014 748 3094 θεαςάμενος,
777 3023 829 3080 sed
854 3021 944 3081 etiam
968 3022 1006 3080 ad
1029 3018 1225 3097 ἐκπλαγῆναι
1252 3019 1434 3080 referendum

275 3109 334 3165 est:
357 3128 444 3167 nemo
467 3109 599 3184 corporis
623 3110 854 3186 pulchritudinis
877 3110 1090 3172 iterationem
1114 3130 1173 3172 non
1191 3110 1337 3190 habebat,
1360 3109 1436 3186 quin,

275 3196 300 3254 si
314 3196 427 3256 Mosem
442 3197 616 3276 aspexisset,
635 3199 713 3258 hunc
727 3199 888 3262 miraretur
902 3203 1024 3276 propter
1037 3202 1169 3276 corporIs
1186 3200 1321 3260 formam.
1347 3198 1436 3257 habes

271 3284 365 3362 igitur
387 3288 572 3364 gonetIvum,
600 3307 687 3363 quem
715 3281 850 3370 dicunt⁶)
875 3289 1029 3349 relationis
1053 3291 1114 3366 vel,
1143 3291 1168 3350 si
1191 3289 1301 3367 mavis,
1324 3306 1437 3348 causae.

273 3374 413 3449 quoniam
435 3376 524 3436 huius
547 3376 632 3435 verbi
655 3377 736 3437 notio
761 3379 807 3438 his
831 3379 903 3438 locis
927 3397 1022 3455 paene
1049 3380 1151 3439 cadem
1175 3381 1234 3454 est,
1257 3398 1333 3455 quae
1356 3377 1436 3438 verbi

273 3459 444 3538 θαυμάζειν
459 3456 509 3546 (A.
524 3465 557 3524 H
568 3466 641 3524 252.
653 3467 725 3527 262.
740 3467 768 3525 V
779 3468 852 3527 317.
872 3466 945 3526 VIII
958 3465 1044 3548 168),
1064 3469 1154 3528 etiam
1170 3472 1321 3528 structura
1335 3466 1435 3526 similis

273 3556 326 3614 est.
366 3555 422 3613 huc
447 3574 506 3614 non
529 3556 716 3615 referendum
738 3562 812 3632 puto
832 3558 867 3615 A.
886 3556 902 3615 I
922 3559 984 3617 288
1008 3554 1207 3631 ἐκπέπληκτο
1226 3556 1284 3617 τοῦ
1303 3551 1436 3617 κάλλους

274 3636 361 3717 ὁρῶν
387 3639 491 3702 οὕτως
517 3638 666 3720 ἔχουςαν,
690 3646 742 3703 ubi
765 3647 922 3720 genetivus
947 3667 981 3704 ex
1004 3647 1104 3707 verbis
1127 3643 1230 3706 οὕτως
1253 3641 1299 3720 ἐχ.
1322 3645 1434 3721 pendet,

274 3749 328 3790 nec
341 3734 444 3879 magis
463 3734 614 3792 conferam
629 3734 888 3794 Pseudo-Luciam
905 3736 997 3795 verba
1015 3736 1098 3795 Dem
1114 3755 1174 3796 eno.
1191 3739 1230 3795 31
1247 3735 1295 3795 fin.
1314 3731 1435 3811 γλώττῃ

273 3818 313 3894 ἣν
341 3816 439 3896 ἐχρῆν
466 3822 522 3897 τῆς
548 3815 774 3898 ἀγνωμοςυνης
797 3817 935 3904 (propter
959 3817 1203 3906 imprudentiam)
1227 3820 1369 3900 ἐκτεμεῖν
1392 3822 1435 3883 vel

275 3907 392 3969 Oharid.
414 3913 432 3970 9
453 3905 538 3971 ἑαλω
557 3911 616 3972 τοῦ
635 3907 780 3986 κάλλους,
801 3917 831 3971 et
818 3913 888 3972 tib.
906 3915 956 3973 19.
964 3905 1000 4018 6)

362 4000 398 4059 Α.
418 3999 492 4058 XIII
513 4003 574 4058 142
604 4001 803 4076 μαρτυρῶν
832 3997 932 4082 αὐτῷ
960 4003 1024 4078 τῆς
1053 3971 1259 4077 ςυμμαχίας
1283 4002 1354 4080 fuir,
1329 4007 1435 4062 tcum

272 4086 317 4145 ita
345 4088 546 4163 defenderem,
577 4091 612 4147 ut
639 4089 768 4150 dicerem
795 4092 851 4152 hoc
879 4092 979 4152 loco'
971 4111 1068 4152 messe
1099 4093 1251 4152 notionem
1278 4085 1435 4169 laudandi,

363 4241 389 4309 1)
409 4241 533 4294 ceterum
551 4241 586 4298 of
605 4241 694 4296 Holw.
715 4244 822 4299 emend.
841 4243 921 4314 rap
924 4250 988 4300 ,41

361 4313 388 4380 2)
408 4311 443 4365 cf.
463 4311 499 4365 ad
518 4313 592 4367 hunc
610 4312 703 4368 locum
722 4315 819 4384 Krebs‚
838 4332 886 4370 zur
903 4316 1009 4373 rectior
1028 4317 1078 4372 der
1097 4333 1177 4372 casus
1197 4316 1222 4370 II
1241 4321 1283 4374 30.

360 4384 388 4452 3)
408 4380 567 4440 ΚτοοοΙΗΙ
664 4387 691 4456 4)
710 4358 824 4441 Schmicl
842 4384 856 4441 I
874 4394 935 4443 377.
1034 4392 1061 4459 5)
1081 4387 1206 4458 Krueger
1223 4388 1307 4457 1147
1322 4392 1364 4444 21.

360 4454 388 4525 6)
406 4449 521 4509 Sohnlid
539 4456 551 4509 l
570 4458 631 4511 235
