3166 5026
306 285 348 352 14
731 291 886 348 Guilelmus
907 287 1049 351 Schmidtr

300 459 434 535 proderit
469 460 648 537 aliquotiens
691 463 875 523 consuluisse
915 463 1000 524 velut
1036 465 1071 523 de
1108 463 1225 525 nomine
1268 460 1475 543 Ναβοκοδρό-

300 543 420 623 (οροε.1
877 567 880 576 ’

387 543 453 700 Isin
471 642 506 699 ut
524 640 698 700 accedamus
718 640 756 700 ad
774 641 877 716 libros,
897 641 949 718 qui
967 645 1039 702 suut
1057 642 1094 702 de
1112 641 1292 703 Iudaeorum
1319 647 1473 706 vetustata

299 727 347 786 vel
370 733 474 788 contra
499 729 660 806 Apionem,
688 731 768 789 iuter
785 729 879 790 libros
898 751 952 792 ms.
976 749 1053 791 unus
1072 733 1163 792 codex
1181 731 1403 794 Laurentianus
1420 736 1473 809 69,

300 819 341 875 22
352 807 408 899 (L)
423 818 625 895 respiciendus
640 822 694 897 est,
708 838 779 879 nam
797 821 986 881 manifestum
1002 825 1050 881 est
1068 839 1169 881 omnes
1185 829 1299 882 eeteros
1314 842 1350 883 ex
1368 824 1471 899 aliquo

299 907 386 967 huius
406 907 514 968 codicis
534 909 705 986 apographo
725 927 789 968 esec
809 910 981 986 descriptos.
1014 909 1162 970 sedidem
1183 931 1363 989 magnopere
1377 913 1471 972 inter-

298 997 416 1072 polatus
446 1000 477 1057 et
504 998 599 1058 multo
622 997 746 1058 inferior
775 1001 822 1059 est
853 999 1014 1076 excerptis,
1037 1019 1113 1077 quae
1140 1000 1288 1061 Eusebius
1316 1001 1347 1062 in
1370 996 1471 1062 ‘chro-

298 1085 370 1146 nicis
396 1089 426 1146 et
447 1086 676 1163 praeparatione
701 1080 891 1165 euangelica'
909 1090 1069 1150 memoriae
1088 1081 1262 1169 prodidit.²)
1298 1110 1353 1151 nee
1371 1091 1470 1152 versio

257 1225 260 1232 .
298 1173 407 1234 Latina
430 1175 618 1252 neglegenda
637 1178 691 1238 est
728 1177 832 1237 eadem
851 1178 914 1238 sola
932 1197 1073 1257 maguam
1091 1178 1174 1238 illam
1193 1179 1331 1240 lacunam
1349 1180 1420 1240 libri
1438 1180 1471 1240 II

297 1265 451 1328 52-113
468 1265 577 1342 explet.
597 1264 724 1343 denique
738 1285 774 1325 ex
787 1268 935 1344 excerptis
950 1266 1137 1328 Constantini
1152 1267 1271 1346 Porph,
1285 1288 1361 1347 quae
1376 1269 1406 1328 N
1407 1270 1468 1330 iese

295 1355 328 1416 in
355 1353 499 1414 addendis
527 1355 646 1414 demum
673 1359 898 1434 commemorat,
923 1360 1062 1434 apparet,
1086 1360 1123 1417 nt
1145 1357 1392 1420 Wilamowitzius
1420 1378 1469 1419 me

296 1443 419 1518 monuit,
439 1442 580 1503 Latinum
598 1445 692 1504 multo
711 1448 866 1522 praestare
881 1445 978 1506 'codici
990 1446 1072 1508 Flor.
1102 1446 1174 1506 libri
1189 1466 1260 1525 ergo
1274 1447 1306 1508 in
1318 1447 1468 1525 Apionem

296 1533 384 1610 louge
403 1531 622 1610 corruptissimi
640 1537 718 1595 sunt

388 1621 544 1686 Postremo
562 1624 666 1701 paucis
680 1626 804 1700 tangere
822 1625 921 1704 liceat,
934 1643 1010 1703 quae
1024 1623 1127 1686 Iustus
1146 1618 1357 1708 aDestinonI)
1372 1627 1409 1687 dc
1423 1628 1466 1687 eis

297 1710 383 1771 libris
403 1711 577 1791 disputavit,
592 1712 700 1790 quibus
719 1713 833 1773 bellum
846 1712 1002 1773 Iudaicum
1021 1715 1198 1775 continetur.
1226 1733 1285 1776 uon
1301 1717 1398 1777 solum
1412 1716 1464 1776 ali-

296 1804 370 1877 quot
389 1819 492 1860 eorum
510 1801 669 1879 librorum,
688 1820 762 1879 quos
780 1803 841 1862 iam
860 1801 1044 1864 Oardwellus
1067 1803 1246 1864 adhibuerat
1263 1796 1348 1888 (PL)
1367 1806 1463 1867 denuo

297 1889 414 1950 excussi
433 1892 518 1968 sunt,
537 1893 591 1954 sad
609 1891 701 1951 etiam
719 1891 771 1952 alii
785 1883 972 1973 (AMVRC)
995 1911 1073 1953 nunc
1095 1893 1225 1971 primum
1250 1887 1394 1977 collati.⁴)
1429 1915 1465 1956 ex

299 1981 408 2039 horum
421 1979 555 2040 codicum
569 1981 747 2046 lectionibus
760 1982 919 2042 nonnullae
934 1982 970 2042 de
980 1982 1124 2042 Destinou
1138 1984 1294 2061 excerpsit,
1310 1986 1345 2044 ut
1358 2004 1412 2046 nos
1428 1985 1463 2044 ds

299 2086 403 2127 eorum
430 2068 488 2129 fide
515 2073 547 2130 et
573 2071 752 2136 auctoritate
780 2072 906 2132 doceret
943 2071 990 2132 vir
1012 2072 1117 2136 doctus
1141 2072 1258 2151 aliquot
1284 2073 1357 2134 locis
1381 2075 1464 2136 velut

914 2258 1041 2315 Vatican.
1065 2260 1231 2330 (secundum
1256 2260 1292 2316 de
1310 2260 1463 2332 Destinon),

880 2331 1068 2402 Wiaemburg.
1083 2336 1130 2387 28:
1151 2330 1304 2402 ‘aliamque
1318 2332 1461 2389 civItatem

878 2402 908 2456 in
929 2401 1058 2472 regione,
1077 2420 1133 2473 qua
1157 2402 1191 2457 de
1210 2401 1366 2460 hiericunte
1390 2405 1460 2475 (·the

880 2474 949 2542 Wia.
964 2476 1010 2544 23)
1028 2474 1058 2528 in
1077 2475 1191 2530 boream
1209 2474 1280 2529 itur
1303 2473 1370 2545 (itur
1393 2493 1461 2532 corr.

878 2551 912 2600 ex
935 2545 1027 2671 itg’itur
1051 2544 1121 2600 wa.
1137 2551 1196 2616 23),
1220 2545 1357 2602 fasaelum
1374 2548 1462 2604 uomi-

877 2633 943 2672 uavr
958 2659 965 2672 .

293 2706 417 2760 ceterum
438 2705 525 2760 codex
541 2704 796 2775 Wiaemburgensis
811 2709 845 2759 28
862 2704 912 2760 fol.
923 2709 975 2760 146
993 2707 1154 2774 membran,
1164 2707 1213 2776 qui
1227 2707 1337 2763 saeculo
1355 2708 1461 2765 deotmc

295 2776 461 2832 tribuendus
489 2777 544 2844 est,
567 2775 691 2832 melioris
713 2780 798 2832 notae
822 2793 882 2831 esse
904 2775 1055 2848 videtur,
1082 2782 1115 2833 ut
1137 2778 1409 2850 Blanlxenburgensis
1430 2785 1461 2836 14

295 2848 449 2904 deterioris.
478 2847 513 2903 de
528 2846 774 2917 Wizemburgensi
791 2865 835 2903 no.
846 2853 885 2902 -22
904 2849 961 2902 iam
980 2849 1050 2903 dixit
1069 2849 1181 2904 Niesius
1195 2850 1208 2903 I
1225 2868 1253 2920 p.
1268 2849 1394 2923 XXVIII,
1414 2855 1460 2908 sed

293 2918 396 2975 iniuria
420 2920 543 2976 affirmat
567 2935 630 2974 eum
654 2935 716 2974 esse
740 2918 844 2974 saeculi
867 2919 1008 2974 undecimi
1031 2921 1076 2975 vel
1100 2920 1265 2978 duodecimi.
1301 2925 1387 2978 immo
1406 2923 1460 2978 col-

293 2990 359 3046 latis
386 2990 450 3046 aliis
480 2990 635 3059 codicibus,
660 2992 693 3045 de
717 3007 834 3062 quorum
853 2994 948 3046 aetate
971 2991 1039 3046 satis
1059 2992 1221 3062 constabat,
1240 2993 1310 3048 mihi
1333 2995 1457 3078 persuasi

291 3079 353 3116 eum
382 3080 438 3118 non
472 3079 533 3117 esse
561 3062 721 3117 inferiorem
749 3062 860 3118 saeculo
884 3061 910 3115 X
938 3064 1129 3118 consentiente
1153 3063 1278 3120 Gustavo
1305 3065 1459 3121 Mrlchsaclx

293 3132 551 3204 Guelpherbytano,
571 3133 633 3188 viro
652 3131 822 3203 doctissimo,
842 3133 887 3187 cui
905 3134 959 3188 ‘uec
977 3135 1038 3189 loco
1058 3151 1109 3204 pro
1128 3135 1231 3205 insigni
1254 3136 1283 3190 in
1301 3155 1346 3192 me
1364 3138 1458 3192 huma·

291 3205 381 3260 nitate
409 3221 443 3259 ac
471 3204 670 3260 benevolentia
697 3203 805 3275 gratias
833 3205 917 3261 liccat
981 3222 1027 3260 ere
1051 3206 1194 3262 maximas.
1239 3208 1340 3262 addam
1365 3209 1458 3264 codice

292 3275 552 3344 Blankenburgensi
572 3281 605 3329 14
624 3275 882 3346 (Guelpherbytano
905 3293 959 3347 apu
999 3277 1133 3332 libertum
1157 3294 1201 3332 no.
1216 3284 1269 3333 460
1292 3297 1319 3349 p.
1334 3283 1379 3350 93)
1403 3299 1459 3335 non

293 3346 358 3402 XIX
377 3348 576 3418 antiquitatum
598 3348 685 3402 libros
712 3347 861 3416 contineri,
880 3350 929 3402 sed
958 3349 1068 3403 tantum
1092 3350 1260 3404 fol.1-1eo
1283 3351 1368 3406 libros
1392 3353 1457 3406 duo-

216 3435 219 3442 ·
295 3419 385 3473 decim
400 3418 508 3488 priores
522 3418 731 3488 antiquitatum.
759 3419 788 3472 in
802 3419 877 3474 foliis
892 3424 1044 3474 131-2231
1062 3421 1193 3489 leguntur
1208 3421 1331 3476 debello
1346 3422 1458 3477 Iudaico

291 3488 359 3545 libri
378 3493 493 3560 septem.
530 3490 577 3545 hic
600 3490 687 3545 codex
704 3491 892 3546 membranae.
929 3491 1116 3560 pulcherrime
1139 3492 1258 3563 scriptus
1277 3495 1389 3549 saeculo
1407 3493 1458 3548 XlI

292 3560 456 3617 tribuendus
470 3561 549 3617 videt
583 3602 589 3614 .
609 3561 627 3617 f.
639 3567 806 3617 1301-133ν
820 3564 849 3617 et
863 3567 1035 3632 2161-2231,
1044 3561 1074 3616 id
1088 3565 1131 3618 est
1144 3580 1230 3619 unum
1245 3565 1457 3632 quaternionem

291 3633 320 3686 et
339 3633 494 3701 dimidium,
512 3649 610 3688 manus
630 3633 716 3688 etiam
733 3635 871 3689 recentior
889 3633 1006 3704 scripsit.

381 3705 407 3776 1)
425 3705 460 3761 ef.
480 3704 599 3772 Niese,I
617 3723 644 3774 p.
659 3703 758 3760 XXXI.

379 3776 460 3846 2)(11.
484 3778 536 3846 Ap.
550 3776 577 3830 II
596 3780 646 3831 165
662 3795 715 3846 sq,
743 3776 834 3845 Niese,
856 3776 945 3846 praef.
963 3795 990 3847 p.
1006 3776 1070 3832 XIV
1084 3796 1123 3849 sq.
1162 3778 1191 3835 O.
1210 3778 1308 3850 Friclx,
1331 3779 1457 3836 Berliner

291 3846 390 3917 philol.
409 3849 623 3904 wochensehrift
640 3847 666 3901 X
684 3851 776 3919 (1890)
795 3867 821 3918 p.
838 3852 915 3907 1328.

380 3922 408 3989 3)
427 3920 461 3974 de
476 3917 567 3975 Flavii
581 3919 693 3989 Iosephi
710 3919 786 3975 bello
800 3919 915 3976 ludaico
933 3921 1102 3978 recensendo
1121 3922 1158 3978 ad
1171 3921 1354 3978 Benedictum
1372 3923 1457 3980 Niese

295 3990 416 4059 epistula
435 3990 540 4046 critica.
578 3989 670 4044 Kiliaa
690 3995 767 4047 1889.
804 4006 898 4062 progr.

378 4066 405 4129 4)
424 4062 446 4116 P
461 4089 495 4108 =
510 4063 597 4118 codex
614 4061 756 4117 Parisinus
777 4067 845 4117 1426
865 4079 936 4120 saec.
950 4062 996 4120 XI.

540 4173 557 4204 ‚,
616 4132 818 4216 Ambrosianus
836 4135 870 4189 D.
890 4151 948 4205 sup.
965 4141 999 4191 to
1018 4153 1040 4190 s.
1054 4135 1101 4195 XI.

539 4247 558 4346 3:
614 4204 968 4360 lrttttutltttt
982 4278 1030 4336 n.

538 4390 554 4417 „
615 4349 768 4405 Vaticanus
787 4353 839 4404 148
858 4366 879 4405 s.
893 4347 941 4406 XI.

537 4461 554 4489 „
612 4419 831 4552 gapatmusgfsst
842 4419 1002 4550 §.IXIsXlL

537 4535 553 4564 „
638 4509 733 4551 ranas
806 4509 827 4551 s.
882 4535 888 4550 .
