3166 5026
281 275 282 278 ¹
339 257 380 312 De
398 255 490 314 Flavii
507 256 620 327 Iosephi
638 258 795 315 elocutione
814 257 1023 314 observationes
1041 258 1163 318 criticae.
1313 259 1332 324 7,

164 439 285 504 operam
304 427 430 490 dedisse.
467 429 524 490 etsi
547 428 734 488 concedimus
758 446 827 488 enm
849 428 893 488 ita
911 427 1024 488 Graece
1043 429 1172 490 scribere
1193 430 1333 508 voluisse,

164 518 201 576 nt
223 517 304 581 illius
328 518 439 578 aetatis
462 537 562 578 rernm
586 518 745 595 scriptores
769 517 940 582 scribebant
963 518 1047 580 uelut
1070 519 1157 580 Philo
1172 518 1238 596 alii,
1265 539 1332 582 eum

165 607 245 667 viros
258 667 260 670 ,
273 607 424 667 litteratos
453 607 549 684 sequi,
577 627 636 668 non
664 625 800 668 sermone
828 606 948 685 vulgari
981 606 1027 668 uti
1058 609 1204 685 voluisse,
1231 612 1333 669 tamen

165 715 263 757 nonne
289 695 376 756 facile
399 695 466 755 fieri
487 699 619 774 poterat,
646 697 823 774 praesertim
847 697 878 755 in
901 698 1103 774 componendo
1126 700 1211 760 tanto
1235 718 1336 776 opere,

165 789 200 845 ut
222 785 394 862 imprudens
418 786 576 864 scriberet,
598 785 765 863 quod·non
794 785 925 847 virorum
951 786 1169 868 litteratorum,
1193 788 1245 848 sed
1273 807 1333 848 ser·
1429 815 1437 834 ·

164 876 260 935 monis
278 873 443 952 popularis,
458 894 516 952 quo
535 875 725 954 loquebatur,
744 875 898 952 proprium
918 875 1018 936 esset?
1046 894 1100 935 neo
1120 878 1217 936 solum
1230 878 1331 954 loque·

164 967 254 1026 batur
272 983 307 1024 eo
327 983 471 1039 sermone,
491 965 652 1025 sedetiam
671 963 789 1024 eumin
808 964 923 1042 aliquot
941 965 1036 1041 libris,
1055 965 1162 1041 quibus
1181 966 1332 1043 utebatur,

163 1054 275 1113 iterum
294 1072 329 1114 ao
348 1053 467 1129 saepius
486 1054 616 1132 legebat,
635 1054 719 1114 velut
737 1073 797 1114 non
815 1054 939 1116 dubium
956 1057 1011 1128 est,
1030 1055 1101 1132 quin
1119 1054 1243 1132 plurimi
1260 1055 1332 1115 libri

165 1143 241 1204 sacri
260 1142 340 1202 LXX
361 1143 564 1220 interpretum
584 1143 615 1202 'ei
638 1147 708 1204 ante
731 1143 832 1204 oculos
856 1144 969 1204 versati
992 1143 1060 1204 sint.
1097 1144 1216 1204 etiamsi
1237 1143 1333 1223 igitur

164 1233 312 1293 voluisset
336 1233 437 1292 Attice
466 1232 608 1309 scriwe,
636 1232 758 1291 minime
787 1232 921 1309 suspicor
947 1233 1086 1292 futurum
1114 1233 1219 1312 luisse,
1242 1237 1277 1292 ut
1300 1234 1331 1293 id

164 1321 277 1384 homini
295 1321 407 1383 Iudaeo
426 1322 622 1398 contingeret,
637 1320 716 1398 quod
731 1339 772 1381 ne
783 1321 946 1381 Atticistae
965 1321 1086 1398 quidem
1105 1322 1234 1383 assecuti
1252 1325 1332 1398 sunt,

164 1412 250 1472 velut
266 1410 432 1490 Lucienus,
451 1411 502 1488 qui
520 1410 595 1470 nihil
614 1411 765 1487 antiquius
784 1411 914 1471 habebat
933 1429 1023 1488 quarn
1044 1412 1081 1470 ut
1098 1410 1217 1472 Atticos
1233 1411 1332 1472 inrita-

164 1505 257 1576 retur,
276 1499 328 1577 qui
346 1502 484 1560 veterum
504 1501 617 1582 scripta
635 1500 672 1560 de
690 1499 841 1559 industria
860 1519 894 1559 eo
912 1500 1036 1560 oonsilio
1055 1501 1268 1578 perlustrabat,
1288 1504 1331 1578 ut,

164 1589 279 1666 siquid
297 1589 371 1649 scite
390 1591 479 1667 atque
494 1590 647 1666 eleganter
661 1589 775 1649 dictum
793 1589 984 1667 repperisset,
998 1591 1057 1650 hoo'
1073 1591 1190 1668 scriptis
1209 1591 1270 1650 suis
1288 1591 1332 1650 in-

164 1671 315 1760 sereret.¹)
346 1679 436 1742 uides
459 1678 565 1754 igitur,
590 1698 679 1760 quam
697 1698 873 1756 perversum
901 1679 941 1740 sit
968 1678 1067 1740 ornnia
1095 1679 1133 1739 ad
1159 1679 1331 1742 Atticorum

164 1787 301 1828 normam
321 1768 416 1846 redigi
435 1769 521 1829 valle.
557 1787 618 1828 non
636 1767 740 1828 Attica
762 1768 925 1846 elegantia,
950 1769 1002 1829 sed
1026 1769 1200 1830 recentioris
1223 1771 1331 1829 aetatis

164 1877 259 1936 genus
279 1857 395 1917 dicendi
412 1857 547 1934 inprimis
567 1856 787 1935 respiciendum
807 1861 861 1932 est,
875 1877 966 1934 quare
980 1859 1012 1917 in
1029 1858 1076 1918 his
1096 1877 1212 1936 quoque
1231 1857 1332 1919 obser·

163 1948 344 2020 rationibus,
359 1947 417 2008 etsi
434 1950 568 2010 veterum
588 1965 675 2006 usum
694 1965 753 2006 non
771 1963 894 2024 prorsus
912 1947 1106 2024 negleximus,
1119 1950 1221 2008 tamen
1240 1948 1331 2023 potis-

164 2039 272 2098 simum
296 2055 363 2097 cum
389 2039 557 2097 ceterorum
585 2036 762 2113 scriptorum
790 2035 992 2112 posteriorum
1020 2036 1187 2097 elocutione
1211 2037 1332 2113 Iosephi

163 2145 258 2204 genus
278 2126 394 2186 dicendi
412 2127 607 2202 contulimus,
625 2145 680 2186 nec
698 2127 796 2186 solum
815 2145 881 2186 cum
902 2144 1036 2186 sermone
1058 2126 1190 2186 virorum
1213 2126 1331 2187 littera-

164 2221 265 2278 torum
294 2216 376 2276 velut
403 2216 535 2294 Polybii,
559 2215 695 2294 Diodori,
722 2215 870 2295 Philonis,
892 2215 1029 2293 Dionysii
1060 2216 1142 2290 Hal,
1166 2215 1331 2296 Plutarchi,

163 2305 301 2380 Luciani,
320 2305 460 2382 aliorum,
479 2306 640 2366 sedetiam
660 2325 727 2365 cum
746 2324 882 2365 sermone
901 2305 1033 2382 vulgari,
1056 2304 1153 2381 qualis
1176 2308 1278 2370 ¹enatat
1300 2305 1331 2365 in

163 2395 250 2459 libris
269 2394 361 2454 saeris
381 2398 412 2456 et
429 2394 461 2453 in
479 2394 594 2474 aliquot
612 2393 711 2455 titulis
729 2395 810 2454 illius
830 2395 947 2454 aetatis.
979 2395 1035 2454 hac
1054 2413 1090 2453 ex
1109 2395 1331 2472 comparatione

162 2505 222 2546 non
246 2484 342 2545 solum
366 2484 538 2562 intelleges,
557 2483 628 2560 quid
647 2484 774 2559 Iosepho
798 2502 863 2544 oum
883 2483 989 2544 ceteris
1013 2503 1168 2543 commune
1187 2484 1240 2561 eit,
1259 2484 1331 2560 quid

163 2575 226 2634 eius
259 2573 427 2652 proprium,
456 2573 507 2634 sed
540 2573 632 2632 etiam
664 2591 752 2649 saepe
785 2573 857 2634 locis
890 2572 987 2635 dubiis
1015 2592 1119 2634 verum
1152 2591 1331 2650 cognoscere

165 2663 286 2741 potaris.

251 2753 371 2812 Bellum
388 2751 551 2828 Iudaicum,
566 2751 636 2830 quia
654 2752 843 2812 emendatum
864 2755 910 2812 eat
924 2771 942 2812 a
956 2751 1027 2812 viris
1042 2751 1145 2828 doctis,
1161 2751 1329 2828 elegantius

163 2843 309 2919 scriptum
336 2841 470 2904 videmus
497 2861 587 2919 quam
615 2841 820 2920 antiquitates.
866 2841 962 2902 oratio
989 2841 1032 2900 ibi
1059 2840 1182 2900 nitidior
1200 2843 1260 2918 est,
1283 2841 1331 2901 hic

164 2933 314 2992 interdum
333 2931 478 3008 impedita
495 2933 527 2992 et
545 2931 656 2992 durior.
694 2935 728 2990 nt
746 2931 882 2992 omittam
906 2931 1022 2994 hiatum
1047 2930 1078 2988 in
1100 2929 1330 3006 antiquitatibus

163 3021 290 3081 liberius
314 3020 491 3096 admissum,
513 3020 544 3079 id
567 3020 657 3079 laude
680 3021 804 3097 dignum
828 3025 887 3099 est,
910 3019 989 3097 quod
1015 3019 1046 3078 in
1073 3020 1158 3080 libris
1186 3020 1224 3079 de
1251 3019 1331 3080 bello

163 3111 298 3188 Iudaico,
318 3129 498 3188 quamquam
513 3111 641 3170 ‚constat
664 3129 715 3171 eos
735 3128 775 3170 ex
798 3110 903 3187 lingua
920 3109 1069 3168 Hebraico
1089 3100 1277 3191 (Aramaica)
1300 3109 1332 3168 in

164 3199 306 3264 Graecam
327 3217 392 3260 essa
406 3217 509 3262 versos
525 3191 574 3282 (B.
584 3202 749 3275 ¹prooeml
767 3195 952 3276 [3,11-14
966 3191 1100 3278 Beraq),
1119 3218 1157 3258 ne
1175 3197 1332 3258 minimum

163 3289 284 3366 quidem
303 3288 474 3348 Hebraismi
493 3288 652 3366 vestigium
673 3288 913 3366 deprehenditur,
932 3307 1001 3348 cum
1018 3287 1211 3348 inveniantur
1236 3306 1332 3364 pauca

164 3379 294 3457 vestigia
311 3379 342 3437 in
361 3377 599 3454 antiquitatibus.
630 3379 681 3438 sed
700 3381 801 3438 tamen
816 3396 851 3436 er
869 3377 916 3438 his
932 3377 1189 3438 observationibus
1204 3377 1333 3437 efficitur

163 3469 242 3529 bello
270 3467 392 3528 Iudaico
419 3469 517 3528 multa
542 3468 678 3545 propria,
702 3487 739 3527 ne
767 3466 876 3544 dicam,
904 3467 978 3528 vitia
1005 3484 1072 3526 curn
1099 3467 1331 3543 antiquitatibus

164 3557 334 3618 communia
352 3575 427 3636 esso,
445 3557 517 3635 quin
537 3557 626 3616 etiam
646 3556 765 3634 singula
783 3576 817 3618 eo
836 3556 913 3616 libro
933 3557 996 3615 solo
1016 3555 1168 3618 contineri

252 3647 369 3724 Restat,
384 3649 418 3706 ut
435 3647 537 3722 paucis
552 3647 593 3705 de
612 3646 774 3706 codicum
792 3645 937 3706 ratione
956 3644 1144 3706 disseramus.
1169 3645 1253 3705 Libri
1266 3665 1330 3724 ma,

165 3736 273 3813 quibus
297 3735 397 3796 omnia
419 3735 539 3812 Iosephi
562 3736 673 3813 scripta
702 3754 761 3794 una
789 3735 1009 3811 contineantur,
1031 3753 1179 3812 nusquam
1203 3737 1330 3794 exstant.

165 3825 216 3885 sed
235 3826 287 3884 alii
312 3824 528 3901 antiquitatum
551 3825 643 3886 libros
667 3826 795 3902 priores,
818 3824 872 3884 alii
893 3825 1074 3900 posteriores
1098 3823 1253 3900 exhibent,
1277 3824 1331 3883 alii

164 3915 300 3974 libellum
320 3915 356 3974 de
373 3913 553 3975 Iudaeorum
571 3917 732 3993 vetustate,
751 3915 803 3974 alii
822 3914 935 3973 bellum
952 3912 1116 3973 Iudaicum.
1145 3931 1237 3989 quare
1252 3931 1329 3973 seor-

166 4023 229 4064 sum
250 4005 286 4064 de
306 4004 433 4080 singulis
452 4005 584 4064 codicum
603 4003 725 4064 familiis
745 4004 902 4064 dicendum
921 4006 977 4063 est.
1010 4021 1044 4063 ac
1062 4003 1192 4078 primum
1211 4002 1331 4078 quidem

166 4094 265 4154 decem
285 4092 499 4170 antiquitatum
518 4094 588 4154 libri
606 4095 720 4170 priores
743 4093 847 4153 insunt
864 4092 896 4152 in
914 4092 1000 4152 libris
1015 4082 1239 4173 Romarm),
1254 4092 1332 4152 sicut

254 4248 281 4313 1)
300 4245 335 4301 cf.
354 4243 450 4313 Cobet,
468 4261 527 4302 var.
545 4247 610 4301 lect.
628 4263 656 4316 p.
671 4250 714 4301 19.
734 4250 776 4302 it.
797 4245 853 4301 76¹.

161 4367 163 4372 ,
252 4323 279 4381 2)
308 4318 384 4371 1c=
402 4315 546 4372 Parisinus
575 4321 642 4374 1421
674 4337 694 4373 s.
718 4317 790 4372 XIV.
846 4317 921 4373 0=
940 4313 1110 4371 Bodleianus
1138 4320 1189 4370 186
1218 4332 1241 4373 s.
1270 4316 1330 4372 XV.

166 4389 193 4442 M
213 4414 245 4434 =
264 4387 423 4444 Marcianus
441 4395 493 4444 381
518 4406 538 4443 s.
558 4387 631 4444 Xlll.
687 4389 705 4444 S
726 4415 758 4435 ==
777 4389 934 4444 Vindobon.
954 4393 970 4444 2
995 4405 1016 4445 s.
1036 4387 1082 4443 XI.
1119 4385 1140 4442 P
1160 4413 1193 4433 =
1213 4387 1331 4445 Parisin.

169 4464 235 4528 1419
254 4477 274 4514 s.
293 4460 339 4515 XI.
375 4458 397 4514 L
416 4485 450 4506 ει
468 4458 599 4516 Laurent.
619 4466 662 4532 69,
676 4467 711 4517 20
729 4479 750 4520 s.
769 4460 843 4518 XIV.
