3166 5026
277 264 318 330 10
702 257 858 316 Guilelmus
876 257 1015 316 Schmidt:

274 433 356 493 idem
376 432 456 494 valet
478 431 509 491 in
527 432 654 491 formam
674 427 891 505 διειλέχθηεαν
909 430 946 490 Α.
960 429 1020 488 VII
1039 431 1102 492 262
1126 447 1275 508 suprave
1293 430 1442 506 scriptura

275 519 484 597 διηλέχθηεαν
503 521 633 582 elicitam
651 521 701 581 uel
718 521 933 595 κατειεχῆεθαι
956 519 992 580 Α.
1011 519 1040 577 V
1056 522 1127 581 148.

366 611 498 670 Transeo
517 630 595 670 nunc
614 611 651 670 ad
675 611 801 669 alteram
825 609 1040 687 antiquitatum
1065 613 1192 686 partem.
1229 612 1260 670 in
1282 609 1441 687 codicibus,

275 702 384 779 quibus
404 720 438 760 ea
457 700 636 778 continetur,
654 699 784 759 maxima
801 699 938 759 lectionis
960 699 1160 776 discrepantia
1177 699 1337 779 invenitur,
1353 717 1442 775 quam

275 791 349 852 satis
368 791 536 851 luculenter
554 789 675 850 Niesius
693 789 762 848 inde
781 790 878 848 ortam
897 807 963 848 esse
981 789 1199 850 demonstravit
1217 784 1307 866 ‘quod
1325 788 1442 849 collatis

277 881 357 940 inter
375 898 407 940 se
425 879 536 940 diversi
555 880 673 956 generis
693 877 843 940 codicibus
866 879 955 939 modo
980 879 1036 938 hoc
1058 879 1145 940 modo
1171 879 1249 939 illud
1271 897 1307 938 er
1329 877 1388 939 alio
1412 879 1443 936 in

275 970 367 1029 alium
385 970 566 1030 translatum
585 962 655 1030 est’.
694 987 785 1045 quare
803 967 850 1027 vir
869 967 974 1028 doctus
992 968 1107 1028 nullum
1132 969 1194 1028 fere
1219 987 1285 1029 esse
1303 966 1443 1046 codicem,

276 1060 327 1136 qui
346 1077 406 1120 non
424 1057 537 1134 aliquid
561 1058 647 1134 probi
670 1057 843 1134 retinuerit,
863 1056 1002 1118 affirmat
1039 1058 1076 1117 de
1099 1058 1231 1118 codicum
1256 1057 1443 1134 singulorum

276 1148 456 1209 auctoritate
476 1147 556 1206 idem
574 1147 605 1206 in
623 1147 716 1224 praef.
735 1146 793 1208 vol.
808 1145 854 1205 III
873 1166 901 1222 p.
916 1146 974 1204 LII
996 1146 1040 1206 ita
1062 1146 1169 1206 refert:
1192 1141 1332 1206 ‘maximi
1353 1147 1442 1206 aesti-

274 1238 417 1297 mandum
437 1255 501 1298 esse
526 1235 729 1296 demonstrari
746 1234 931 1312 Palatinum,
950 1237 998 1296 cui
1021 1235 1195 1313 plerumque
1213 1236 1271 1296 FV
1289 1238 1343 1296 aut
1356 1235 1441 1295 PhV

273 1346 306 1388 se
332 1326 513 1404 adiungunt;
538 1325 591 1386 sed
613 1345 651 1386 ne
677 1326 805 1385 alterum
832 1326 953 1401 quidem
977 1343 1073 1403 genus
1096 1324 1204 1385 AMVV
1228 1329 1283 1386 aut
1303 1323 1441 1384 LAMW

277 1416 478 1492 spernendum
502 1417 556 1476 est.
589 1416 694 1476 deinde
713 1413 771 1472 PV
791 1417 843 1474 aut
858 1414 953 1491 PLV,
971 1414 1030 1475 nisi
1052 1414 1167 1474 accedit
1185 1414 1218 1492 P,
1236 1414 1359 1475 minoris
1374 1419 1444 1474 sunt

274 1505 463 1566 auctoritatis
487 1505 633 1583 longeque
662 1508 841 1582 superantur
869 1503 907 1563 ab
930 1503 1039 1563 AMW
1066 1507 1120 1563 aut
1142 1503 1289 1564 LAMW.
1323 1506 1442 1564 etcum

276 1596 383 1655 horum
405 1597 436 1655 et
453 1594 676 1671 antiquissimus
696 1597 727 1653 11
745 1593 876 1669 optimus
896 1593 937 1653 sit
954 1593 1184 1672 Ambrosianus,
1202 1593 1281 1654 hunc
1303 1597 1372 1671 post
1390 1593 1444 1652 Pa·

277 1685 404 1744 latinum
425 1684 586 1744 secundum
606 1682 762 1762 dignitatis
781 1682 878 1743 locum
904 1682 1038 1743 obtinere
1061 1683 1169 1743 merito
1193 1683 1316 1761 direris3
1340 1683 1445 1760 quiin

278 1773 365 1833 libris
388 1773 603 1847 XVIII-XX,
632 1773 684 1832 ubi
712 1772 812 1832 deficit
834 1771 867 1847 P,
895 1773 1026 1833 omnium
1050 1773 1180 1849 optimus
1207 1773 1362 1838 habendus
1391 1775 1445 1833 est.

282 1863 390 1940 quodsi
412 1882 479 1923 cum
502 1862 610 1922 AMW
629 1862 819 1938 coniungitur
837 1861 875 1939 P,
898 1863 1002 1921 horum
1028 1865 1192 1922 auctoritas
1220 1865 1306 1922 tanta
1329 1866 1388 1940 est,
1411 1866 1446 1922 ut

277 1971 344 2013 raro
363 1953 402 2013 ab
421 1972 457 2012 11
475 1951 625 2028 discedere
643 1944 752 2012 liceat?

365 2042 522 2102 Neminem
542 2042 684 2119 arbitror,
707 2041 758 2117 qui
781 2040 877 2100 Niesii
895 2042 1172 2101 commentationem
1191 2041 1446 2102 accuratissimam

276 2133 449 2209 perlegerit,
460 2131 672 2191 dubitaturum
686 2149 759 2208 esse,
769 2130 841 2206 quin
852 2130 928 2189 duae
942 2131 1075 2190 codicum
1089 2131 1221 2191 familiae
1235 2130 1446 2192 discernendae

275 2222 338 2282 sint
365 2224 396 2282 et
418 2221 511 2281 codex
534 2219 687 2280 Leidensis
716 2219 846 2278 medium
875 2220 1024 2296 quendam
1047 2221 1146 2282 locum
1169 2221 1313 2281 obtineat,
1350 2222 1447 2280 altera

275 2331 379 2372 earum
398 2330 434 2369 cx
451 2309 536 2370 libris
550 2309 647 2385 PPV,
661 2309 759 2369 altera
778 2329 813 2368 ex
828 2307 936 2367 AMW
951 2312 1076 2370 constat.
1105 2311 1161 2370 hoc
1175 2310 1313 2371 Naberus
1328 2330 1445 2387 quoque

276 2402 340 2463 1111
361 2400 423 2460 ulla
442 2398 629 2459 dubitatione
647 2399 678 2458 in
697 2399 881 2475 praefatione
895 2399 1054 2460 voluminis
1068 2399 1152 2462 tert‘i
1165 2418 1235 2460 vere
1254 2400 1445 2461 observatum

276 2508 341 2550 esse
366 2489 508 2550 concedit.
554 2489 605 2547 sed
637 2491 673 2547 ut
698 2488 759 2548 iam
786 2488 817 2547 11
849 2489 948 2565 priore
978 2489 1192 2566 antiquitatum
1220 2492 1320 2566 parte,
1342 2489 1387 2548 ita
1412 2489 1446 2548 in

277 2578 443 2657 posteriore
462 2578 499 2639 de
517 2578 703 2638 familiarum
721 2577 818 2653 pretio
844 2578 936 2655 atque
959 2579 1137 2638 auctoritate
1161 2579 1250 2639 aliter
1272 2579 1385 2639 iudicat
1411 2597 1446 2638 ac

278 2670 408 2730 Niesius.
446 2670 481 2727 nt
503 2667 552 2727 hic
576 2666 669 2727 codici
692 2666 829 2728 Palatino
852 2668 983 2742 palmam
1006 2666 1070 2742 dat,
1094 2668 1138 2727 ita
1162 2669 1214 2728 ille
1238 2668 1446 2730 Ambrosiano

279 2763 311 2819 at
328 2757 483 2818 Nabarum
501 2777 533 2816 re
553 2775 624 2817 vera
642 2756 773 2817 codicem
791 2757 815 2816 P
838 2775 896 2816 nou
919 2759 981 2817 tam
1003 2758 1091 2835 parvi
1113 2757 1272 2818 aestimare
1294 2777 1385 2835 quam
1409 2777 1446 2818 ex

278 2849 342 2908 eius
372 2847 559 2924 praelatione
582 2846 638 2906 vol.
653 2845 699 2904 III
723 2846 900 2924 colligitur,
915 2847 988 2906 satis
1012 2865 1048 2905 ex
1075 2866 1110 2907 eo
1138 2846 1247 2925 elucet,
1271 2848 1350 2924 quod
1376 2867 1445 2925 per-

276 2937 381 2997 multis
398 2937 472 2996 locis
492 2936 529 2996 ab
549 2953 584 2996 ea
602 2934 734 2995 codicum
755 2935 882 3012 familia,
901 2954 990 3012 quam
1006 2930 1148 3012 ‘pressius
1168 2955 1199 2996 se
1215 2941 1348 2997 secutum
1367 2929 1446 2997 esse'

278 3027 357 3102 dicit,
376 3025 515 3086 desciscit
534 3027 564 3084 et
582 3024 690 3085 codicis
708 3025 732 3084 P
751 3024 893 3084 lectiones
916 3026 1048 3100 praefert
1065 3026 1149 3085 velut
1168 3028 1203 3085 A.
1222 3026 1266 3086 XI
1286 3028 1358 3087 108.
1386 3026 1448 3086 XII

278 3117 328 3176 65.
349 3117 401 3176 68.
427 3114 502 3175 XIII
523 3115 875 3175 111161311413.
902 3113 974 3172 XIV
993 3117 1021 3175 3.
1041 3117 1069 3174 4.
1091 3117 1163 3176 144.
1184 3117 1256 3176 234.
1277 3118 1349 3176 237.
1368 3117 1444 3176 470.

276 3205 332 3262 XV
350 3207 422 3265 119.
440 3203 526 3263 XVII
546 3206 618 3264 209.
638 3204 812 3278 26211111.
839 3203 1030 3279 inspiciamus
1055 3204 1170 3281 aliquot
1187 3206 1276 3282 locos,
1296 3225 1311 3265 e
1335 3205 1445 3281 quibus

279 3293 388 3354 codicis
402 3293 532 3352 Palatini
550 3293 668 3353 bonitas
682 3292 820 3369 cognosci
834 3294 937 3367 possit.
965 3292 1002 3352 A.
1012 3292 1082 3352 XIV
1092 3286 1166 3374 401)
1181 3294 1326 3371 Iosephus
1340 3297 1447 3355 111111

277 3383 452 3459 Pompeium
472 3380 625 3456 Chalcide,
645 3401 681 3442 ex
702 3382 811 3458 oppido
832 3381 936 3459 Syriae
960 3382 1015 3442 sub
1039 3382 1099 3442 imo
1122 3387 1224 3444 monte
1243 3384 1357 3444 Libano
1376 3383 1446 3460 sito,

278 3474 459 3533 Damascum
483 3471 541 3530 iter
565 3471 683 3531 fecisse:
707 3467 844 3532 διελθὼν
864 3503 904 3512 -
924 3469 982 3547 τὴν
1003 3466 1144 3532 Χαλκίδα
1167 3469 1218 3532 καὶ
1241 3469 1279 3534 τὸ
1303 3473 1445 3547 διεῖργον

278 3556 355 3637 ὄρο(
377 3555 568 3636 ὑπερβαλὼν
596 3557 654 3635 τὴν
682 3556 791 3636 κοίλην
815 3557 1136 3635 προεαγορευομένην
1160 3555 1274 3635 (opion
1298 3557 1362 3623 ἀπὸ
1388 3563 1445 3637 τῆ(

276 3649 404 3724 Πέλλη(
424 3642 482 3730 (ita
499 3648 665 3726 FLAMV,
690 3646 817 3711 πέλλει(
835 3641 890 3730 W)
914 3645 958 3710 εἰ(
977 3646 1150 3724 Δαμαεκὸν
1172 3645 1248 3725 ἧκεν
1268 3647 1337 3728 ‘per
1362 3652 1445 3727 oppi-

278 3741 347 3800 dum
376 3739 546 3799 Chalcidem
578 3739 729 3814 profectus
764 3743 903 3816 superato
936 3758 971 3798 eo
1003 3743 1117 3818 monte,
1150 3739 1201 3817 qui
1234 3739 1445 3819 coelesyriam,

277 3849 353 3908 quae
378 3828 498 3905 proprie
522 3829 564 3888 sic
590 3827 773 3903 nominatur,
798 3828 919 3889 aPella
941 3828 1062 3906 dividit,
1081 3828 1259 3890 Damascum
1283 3823 1446 3906 pervenit?

276 3939 343 3978 cum
362 3918 446 3977 Pella
465 3916 607 3994 oppidum
630 3917 661 3976 in
680 3917 792 3977 Peraea
815 3937 907 3993 propa
926 3917 1084 3978 Iordanem
1108 3918 1218 3978 flumen
1242 3918 1332 3978 situm
1356 3922 1449 3990 11111,

278 4009 434 4084 Iosephus,
449 4007 474 4066 si
492 4026 525 4066 re
544 4025 615 4067 vera
633 4007 677 4066 ita
696 4007 872 4082 scripsisset,
888 4007 1000 4067 diceret
1018 4007 1195 4084 Pompeium
1210 4007 1348 4068 Chalcide
1363 4009 1447 4085 prius

276 4099 373 4158 multa
386 4096 469 4157 milia
481 4115 625 4174 passuum
642 4095 673 4153 in
688 4095 842 4155 meridiem
855 4114 960 4156 versus
974 4115 1068 4174 usque
1083 4098 1119 4156 ad
1132 4096 1244 4156 Pellam
1259 4097 1318 4158 iter
1332 4097 1448 4178 fecisse,

276 4192 342 4247 tum
352 4185 512 4246 revertisse
522 4185 712 4244 Damascum.
731 4185 783 4245 sed
798 4185 829 4244 in
839 4186 889 4258 111,
901 4204 977 4261 quae
992 4187 1071 4261 apud
1082 4187 1242 4263 Iosephum
1256 4186 1449 4266 praecedunt,

355 4394 393 4519 i)
411 4391 446 4448 cf.
460 4389 552 4458 Niese,
566 4389 655 4460 praef.
669 4389 723 4446 vol.
735 4390 773 4444 ΙΙΙ
788 4410 815 4461 p.
831 4390 915 4447 XXII.
944 4391 1072 4448 Nabaros
1090 4391 1272 4448 inimicante
1287 4391 1342 4446 ἀπὸ
1360 4390 1369 4445 i
1374 4392 1448 4446 nter-

276 4482 363 4536 11131
374 4497 384 4518 -.
