3166 5026
318 297 359 354 De
378 297 469 355 Flavii
486 297 599 370 iosephi
616 297 773 355 elocutione
791 297 1002 354 observationes
1021 295 1147 355 criticus.¹
1272 298 1313 364 27

138 466 208 526 νῦν
236 463 381 541 ἐπιμελὲς
410 464 517 529 αὐτῶν
540 464 590 528 καὶ
613 464 694 543 πρὸς
717 461 864 528 παιδείαν
887 463 1143 543 ἐςπουδαςμένον
1167 463 1314 528 ‘studium

137 551 341 631 litterarum,
363 559 403 618 ib.
424 561 486 619 208
511 554 550 618 τὰ
569 554 718 633 ρηθέντα,
741 557 780 616 ib.
800 553 837 616 τὸ
861 553 916 617 ςὺν
940 553 1069 636 αίςχύνῃ
1092 559 1148 633 τῆς
1167 557 1316 634 διαβολῆς

138 641 346 720 ἑψευςμένον
370 642 501 724 ‘turpem
525 648 703 708 calumniam
726 640 920 721 ementItsm',
943 647 982 706 ib.
999 650 1062 706 244
1081 644 1119 706 τὸ
1138 643 1316 721 νενοςηκός,

138 734 236 793 XVII
253 738 314 795 152
334 737 380 816 τῷ
400 732 444 798 εἰς
463 731 603 797 θάνατον
618 731 812 814 ἀνακειμένῳ
828 730 1027 796 ‘mortalibus'
1042 729 1177 818 (Βοῶν),
1196 737 1236 796 ib.
1253 739 1315 798 153

138 820 186 882 τὸ
210 823 487 900 κατεψηφιςμένον
510 821 609 887 αὐτοῦ
632 858 669 867 -
690 825 793 884 XVIII
809 827 872 884 214
896 821 1199 900 κατολοφυράμενος
1218 822 1317 887 αὑτὸν

139 910 207 986 μὲν
225 914 283 974 τοῦ
302 908 359 989 ἐφ’
379 909 427 975 οἷς
446 911 689 991 προβουλεύςειε
709 914 825 988 κυροῦν
840 909 1047 993 ἀφῃρημένου
1062 912 1099 974 τὸ
1113 910 1236 989 κράτος.
1268 916 1317 976 hie

139 1003 232 1061 Iocus
252 1021 322 1062 sens
341 1004 483 1065 notabilis
503 1009 558 1065 est.
596 1004 745 1064 sententis
764 1005 836 1062 haec
855 1022 920 1064 esse
938 1003 1069 1066 uidetur:
1095 999 1314 1080 ‘semetipsum

142 1092 322 1168 deplorans,
341 1095 420 1169 quod
439 1093 497 1153 sibi
510 1096 649 1170 'potestus
668 1095 810 1169 adempta
828 1097 907 1152 esset
925 1113 960 1152 cs
979 1093 1132 1170 efficiendi,
1152 1113 1228 1170 quse
1247 1098 1317 1154 ante

141 1176 365 1241 constituerst'.
394 1203 486 1260 qusrc
496 1184 634 1244 Nsberus
649 1177 856 1261 ἀφῃρημένον
871 1182 999 1258 scripsit,
1013 1201 1072 1260 quo
1086 1187 1205 1258 recepto
1220 1184 1316 1243 omnis

143 1269 310 1330 difficultas
329 1272 455 1332 tollitur.
493 1274 545 1332 sed
568 1273 604 1332 of.
622 1273 701 1332 infru
721 1271 823 1330 XVIII
839 1273 912 1347 300,
931 1272 990 1330 stis
1010 1303 1050 1313 -
1070 1272 1174 1331 XVIII
1189 1274 1251 1332 249
1271 1274 1316 1352 τῷ
1413 1309 1417 1316 -

143 1353 305 1438 ἀνειμένῳ
324 1361 381 1436 τῆς
400 1356 528 1436 διαίτης,
546 1362 586 1422 ib.
602 1363 665 1423 254
685 1357 722 1420 τό
741 1356 793 1420 ἐπὶ
811 1360 880 1419 ταῖς
894 1356 1003 1434 τύχαις
1017 1359 1258 1436 καθεςταμένον,
1277 1362 1318 1422 ib.

145 1451 213 1508 277
240 1443 320 1527 <τὸ>
344 1447 384 1525 μὴ
408 1447 443 1511 ἐκ
465 1451 523 1510 τού
548 1446 638 1512 ὀξέος
662 1446 929 1522 δεδιακονημένον
953 1442 1082 1530 (μένου
1106 1452 1187 1512 codd.
1211 1443 1316 1532 Niese)

145 1533 250 1597 αὐτοῦ
268 1538 339 1598 ταῖς
357 1536 537 1600 ἐπιςτολαῖς
554 1560 589 1600 ex
604 1543 686 1600 certa
699 1531 910 1616 Holwcrdae1)
925 1540 1138 1614 emendatione,
1158 1560 1248 1616 quem
1263 1559 1316 1601 suo

56 1695 59 1700 Ι
145 1627 217 1686 iuro
237 1627 373 1687 Nsberus
391 1631 516 1706 recepIt,
540 1629 579 1690 ib.
597 1631 658 1690 286
678 1625 716 1689 τὸ
736 1623 860 1702 εἰωθός,
879 1629 918 1688 ib.
940 1629 1003 1690 300
1022 1625 1147 1689 ἐκεῖνον
1166 1661 1208 1670 --
1228 1626 1316 1689 ἐπαι·

146 1714 218 1776 νῶν
237 1716 296 1776 τού
315 1713 396 1792 πρὸς
415 1714 514 1778 αὐτὸν
533 1716 605 1794 περὶ
624 1715 730 1778 αὐτῶν
749 1713 979 1777 ἐπεςταλκότος
999 1712 1094 1776 ‘illum
1113 1711 1316 1801 (Petronium)

143 1805 288 1882 laudens,
316 1807 396 1884 quod
423 1808 460 1866 de
487 1809 534 1868 his
560 1809 650 1867 rebus
674 1806 712 1866 sd
737 1825 769 1866 se
791 1807 909 1866 Iittsrss
933 1801 1085 1882 dedisset,
1111 1809 1150 1866 ib.
1171 1809 1233 1867 327
1257 1809 1316 1869 τοῦ

143 1890 227 1954 κατὰ
249 1891 306 1955 τόν
325 1889 483 1956 Ἀςιναῑον
501 1891 753 1973 ἐφυςτερηκότος
772 1887 845 1976 (vid.
864 1915 955 1972 supra
974 1917 1001 1972 p.
1018 1899 1057 1955 21
1082 1943 1089 1972 ,
1107 1897 1177 1956 XIX
1198 1901 1237 1957 77
1258 1898 1316 1958 τοῦ

143 1976 219 2042 κατ’
246 1979 386 2044 ἐκείνους
414 1980 727 2062 προβεβουλευκότος
757 1977 830 2065 (vid.
854 2003 946 2060 supra
969 2005 999 2062 p.
1019 1987 1089 2063 22,
1117 1985 1156 2045 ib.
1184 1989 1246 2046 164
1270 1988 1316 2065 τῷ

144 2066 220 2132 κατ’
238 2068 337 2133 αὐτόν
356 2070 503 2135 παιδείαν
523 2068 745 2149 μεμελετηκότι
765 2067 837 2154 (vid.
858 2092 949 2150 supra
967 2095 995 2150 p.
1016 2069 1084 2152 22),
1108 2076 1146 2134 ib.
1167 2077 1231 2135 324
1250 2069 1315 2136 ἀπὸ

144 2156 243 2221 ποίου
263 2159 452 2242 ςυνειδότος,
474 2165 514 2225 ib.
536 2166 595 2225 151
623 2161 779 2223 παύονται
802 2162 860 2223 τοῦ
884 2158 1074 2238 ὠργηκότος.

237 2250 408 2327 Sequuntur
426 2253 583 2329 participis
601 2253 707 2313 soristi
724 2254 809 2312 haec:
828 2253 864 2312 A.
879 2253 954 2311 XIII
970 2255 1012 2313 30
1030 2245 1075 2331 τῷ
1091 2247 1170 2328 παρ’
1184 2249 1316 2315 ἐλπίδας

145 2334 304 2415 ἀποβάντι
318 2342 374 2415 τῆς
389 2339 572 2416 πολιορκίας
587 2338 752 2417 ‘inopiusto
768 2341 930 2402 obsidionis
945 2336 1103 2420 successu',
1121 2343 1234 2404 15225
1251 2344 1316 2404 τῶν

145 2424 420 2504 ὑπηρετηθέντων,
440 2432 597 2492 11111413.
615 2431 759 2492 1117379
780 2426 820 2490 τὰ
834 2426 1002 2507 ςυμβάντα,
1020 2432 1166 2492 xviros
1185 2430 1222 2492 τὸ
1238 2431 1315 2505 μηδὲ

145 2513 280 2579 ἐκείνων
308 2515 513 2595 φειςάμενον,
546 2521 633 2580 XVII
654 2524 694 2581 59
723 2518 760 2580 τὸ
789 2516 841 2580 ἐπὶ
868 2521 1005 2581 τοιοῖςδε
1034 2517 1157 2582 ἐκείνου
1185 2518 1315 2596 γνώμην

115 2663 118 2668 .
145 2603 480 2684 προαποφηνάμενον,
503 2610 543 2670 ib.
561 2614 624 2671 110
648 2605 686 2670 ού
709 2610 768 2669 τού
787 2603 843 2669 ἐπ’
861 2605 993 2671 ἐκείνοις
1012 2607 1209 2685 ἐγκαλοῦμεν
1227 2613 1315 2691 θυμῷ

146 2698 279 2773 χρῆςθαι
298 2696 338 2773 μὴ
359 2693 549 2759 ἐλλιπόντος
567 2694 787 2778 (ἐλλείποντος
801 2699 826 2758 Ρ
840 2693 964 2778 Nabar),
983 2692 1066 2759 ἀλλὰ
1084 2700 1142 2759 τού
1161 2697 1314 2774 μιμεῑςθαι

143 2785 206 2860 τὴν
225 2781 391 2859 ἀεέλγειαν
406 2783 513 2849 αὐτῶν
528 2783 765 2849 ςπουδὰςαντος
780 2785 1024 2863 ἐκπεπλήγμεθα
1043 2783 1112 2849 ‘non
1129 2790 1184 2850 hoc
1198 2791 1313 2850 crimini

145 2875 206 2935 tibi
228 2866 282 2957 (sc.
302 2872 478 2958 Antipatro)
503 2879 623 2955 demus,
646 2879 726 2956 quod
749 2877 809 2937 illis
833 2895 1007 2938 succensere
1029 2897 1089 2937 non
1111 2878 1240 2954 desueti,
1264 2881 1317 2940 sed

144 2965 293 3024 miramur
311 2970 350 3042 te,
370 2967 449 3044 quod
468 2987 570 3027 eorum
589 2968 817 3045 protervitatem
836 2967 948 3027 imitari
968 2961 1123 3026 studuisti'
1138 2959 1314 3049 (notandum

145 3054 268 3114 videtur
290 3055 364 3115 hsec
386 3056 418 3115 iu
437 3058 570 3117 orations
589 3048 706 3136 legi)²),
726 3056 829 3115 XVIII
846 3058 886 3115 10
905 3057 952 3135 τῷ
970 3051 1041 3115 κατ’
1060 3050 1199 3136 soror)
1219 3075 1314 3118 ςπου-

146 3141 305 3218 δαςθέντι,
328 3145 368 3204 ib.
384 3147 426 3205 20
445 3142 553 3206 διὰτὸ
572 3147 722 3220 μηδαμῶς
740 3139 896 3219 ὑπάρξαν,
920 3147 958 3206 ib.
977 3148 1037 3205 122
1057 3146 1113 3220 τῆς
1131 3143 1259 3221 γνώμης
1277 3145 1315 3207 τὸ

146 3229 201 3293 ἐπὶ
233 3229 390 3293 τοιούτοις
422 3235 676 3311 προβουλεθεαν,
708 3235 748 3295 ib.
775 3237 837 3295 148
865 3230 903 3293 τό
930 3251 964 3295 τε
994 3232 1046 3294 ἐπὶ
1073 3231 1230 3297 τοιούτοις
1256 3237 1314 3297 τοῦ

147 3316 306 3396 Ἀγρίππα
334 3323 587 3400 προβουλεύςαν,
615 3325 655 3384 ib.
677 3327 737 3384 201
765 3324 823 3383 τοῦ
846 3324 922 3384 θεοῦ
946 3319 983 3384 τό
1007 3320 1234 3385 ἐξαποςτεῑλαν
1257 3323 1315 3385 τὸν

146 3405 250 3486 ὄρνιν,
275 3411 314 3471 ib.
334 3413 396 3472 225
421 3409 458 3472 τό
482 3409 702 3488 ἐπαληθεῦςαν
724 3412 790 3473 τῶν
814 3407 934 3487 λόγων,
957 3413 997 3485 ib.
1018 3415 1080 3474 239
1105 3414 1163 3474 τού
1188 3412 1228 3489 μὴ
1248 3414 1314 3474 δια-

146 3495 261 3580 μαρτίᾳ
284 3498 482 3576 χρηςαμένου
504 3502 571 3563 τῶν
595 3499 748 3576 ἐλπίδων,
772 3501 811 3562 ib.
828 3505 890 3562 246
916 3498 1013 3577 αὐτῆς
1030 3500 1068 3563 τό
1087 3499 1140 3562 ἐπὶ
1158 3499 1315 3565 τοιούτοις

147 3583 383 3666 ψηφιςάμενον,
405 3591 444 3650 ib.
461 3594 523 3654 286
543 3588 581 3652 τὸ
600 3587 699 3672 ἑτέρῳ
719 3587 829 3667 δόξαν,
848 3592 918 3651 XIX
935 3593 997 3652 143
1015 3588 1056 3652 τὰ
1074 3592 1139 3653 τῶν
1158 3589 1315 3653 κινδύνων

148 3674 340 3756 ὁμιλήςαντα
360 3674 503 3757 ‘pericula
520 3677 686 3742 irruentis'.

235 3769 303 3828 Non
330 3788 438 3846 operas
461 3771 591 3846 pretium
613 3770 688 3830 mihi
707 3790 771 3831 esse
790 3772 910 3831 videtur
929 3790 979 3830 eos
997 3772 1077 3832 locos
1095 3772 1238 3848 indicare,
1264 3773 1315 3831 ubi

148 3857 361 3918 adiectiuorum
393 3862 501 3918 neutra
533 3860 789 3920 substantiuorum
819 3862 914 3919 instar
942 3865 1086 3938 usurpata
1112 3861 1314 3922 inveniuntur.

148 3948 222 4007 sstIs
239 3947 335 4008 habco
354 3966 601 4010 commemorasse
620 3950 651 4008 in
671 3951 741 4009 solis
761 3949 844 4010 libris
859 3949 954 4028 XVII,
973 3949 1085 4028 XVIII,
1104 3949 1173 4008 XIX
1188 3951 1314 4010 totidem

147 4029 281 4116 (eentum
304 4041 336 4096 et
353 4033 567 4120 septendecim)
586 4057 740 4100 occurrere
763 4040 911 4118 exempla,
935 4043 1008 4116 quot
1025 4039 1057 4098 in
1074 4039 1180 4099 ceteris
1200 4044 1313 4117 septem

237 4210 263 4274 1)
282 4208 388 4263 observ.
408 4206 470 4264 orit.
490 4208 624 4265 Mnemos.
644 4209 786 4278 11130sq.

237 4280 264 4348 2)
284 4276 342 4332 etin
365 4295 476 4348 quoque
499 4282 627 4350 exempla
649 4281 678 4334 in
702 4281 875 4336 orationibus
900 4283 930 4335 et
952 4282 1035 4336 rectis
1054 4283 1083 4336 et
1101 4280 1222 4348 obliquis
1242 4283 1314 4354 sunt,

147 4348 197 4404 scd
215 4351 310 4404 ίατιιοα
328 4350 417 4405 msior
434 4367 498 4419 pars
516 4351 546 4405 in
564 4352 732 4407 narrationis
751 4353 886 4422 partibus.

237 4427 264 4486 3)
282 4421 401 4476 fortusse
420 4438 483 4476 oum
502 4423 653 4479 Holwerde
671 4425 729 4479 obs.
749 4425 809 4480 crit.
829 4424 962 4480 Mnemos.
982 4425 1074 4480 11113
1094 4426 1182 4494 αὐτὴν
1202 4425 1252 4494 (sc.
1270 4443 1314 4495 φι-

146 4491 291 4563 λοςοφίαν)
308 4492 458 4562 legendum
477 4497 527 4548 est.
