3166 5026
262 259 282 322 6
690 252 846 309 Guilelmus
865 249 1004 306 Schmidt:

262 426 510 488 commentatione
520 423 680 502 quaemihi
693 423 859 482 memoratu
870 419 961 498 digna
970 388 1159 495 videbantur,
1170 419 1249 480 infre
1258 421 1433 484 afferentur.

264 516 370 577 deinde
383 514 462 575 idem
476 515 592 593 aliquot
605 501 820 590 coniecturas¹)
831 508 932 569 edidit
952 511 1017 567 tum
1032 510 1162 588 egregiis
1173 511 1434 572 observationibus

264 606 408 666 refertum
431 607 477 665 est
499 603 677 665 Holwerdae
703 596 960 661 ‘emendationum
984 598 1197 660 Flavianarum
1214 593 1434 702 specimen'.²)

264 714 342 755 anno
363 694 476 755 1869
467 715 498 753 ιιι
517 691 701 753 Fleckeiseni
719 689 877 750 annalibus
896 709 924 764 p
940 689 1001 748 821
1016 707 1079 767 sqq.
1102 690 1138 749 de
1158 690 1284 766 Iosepho
1311 690 1434 768 eiusque

158 799 165 816 ·
265 802 402 845 sermone
430 782 550 861 scripsit
576 780 745 843 Ludovicus
774 777 917 856 Dindorf,
947 782 1106 853 praeterea
1137 797 1214 838 anno
1249 781 1333 841 1885
1367 801 1435 841 con·

265 875 396 935 iacturas
419 872 548 950 protulit
535 870 691 931 tSamuel
715 868 864 928 Adrianus
884 857 1027 950 Nuberh)
1047 869 1191 944 postremi
1219 871 1320 944 partes
1345 889 1436 947 quas-

267 964 336 1023 dam
354 962 522 1040 tetigerunt
535 961 649 1021 Paulus
668 950 836 1036 Vierech4),
855 955 979 1016 Carolus
998 958 1081 1017 Raab
1089 949 1124 1038 5)
1143 958 1297 1018 Ethardus
1316 951 1435 1040 Iahn⁶.)

267 1051 412 1113 Ludovici
434 1049 569 1111 Dindorfi
596 1047 808 1110 commentatio
836 1046 982 1105 bonarum
1007 1047 1251 1108 observationum
1272 1049 1362 1125 plena
1389 1052 1437 1109 est

267 1161 321 1201 nec
339 1159 435 1217 pauca
454 1159 489 1201 ex
508 1140 572 1200 eius
592 1138 742 1199 sententia
760 1135 955 1212 emendanda,
969 1137 1084 1197 suntet
1071 1136 1145 1196 tiam
1159 1156 1236 1214 quae
1250 1156 1328 1197 nunc
1345 1138 1437 1198 libro-

266 1251 333 1290 rum
355 1231 498 1289 memoria
516 1229 637 1305 probari
660 1228 822 1288 videamus.
869 1225 920 1284 sed
938 1225 1049 1284 iniuria
1075 1225 1151 1286 illud
1169 1226 1328 1306 praecipit,
1355 1228 1435 1306 quod

266 1320 454 1379 Bernardum
473 1318 559 1379 testis
579 1320 625 1377 est
638 1315 794 1376 Ernestins
814 1332 913 1390 opusc.
924 1335 952 1391 p.
965 1318 1027 1376 399
1047 1315 1108 1374 iam
1126 1315 1265 1389 voluisse,
1279 1316 1311 1375 in
1329 1318 1384 1376 hac
1403 1336 1435 1376 re

268 1407 436 1470 Oasauboni
450 1407 596 1469 rationem
609 1405 728 1484 Polybii
742 1402 919 1464 emendandi
937 1408 1066 1484 securus,
1079 1407 1114 1464 ut
1130 1423 1204 1481 quaa
1224 1405 1320 1482 magis
1334 1406 1438 1466 Attica

268 1491 370 1559 esseut
388 1498 620 1574 praeferrentur.
651 1495 723 1572 quid
736 1493 868 1571 ineptius
888 1511 951 1552 esse
969 1496 1070 1570 potest
1085 1513 1174 1572 quam
1189 1495 1289 1554 omnia
1306 1496 1344 1555 ad
1358 1496 1439 1556 Atti·

271 1608 374 1649 corum
402 1587 588 1664 elegantiam
610 1575 797 1660 revocarel⁷)
829 1581 959 1658 primum
980 1583 1126 1661 Iosephus
1153 1583 1217 1660 ipse
1245 1585 1359 1645 fatetur
1382 1585 1440 1645 eibi

272 1678 455 1742 occasionem
479 1695 539 1736 non
563 1693 627 1736 esse
651 1675 752 1734 datam
779 1673 899 1748 linguae
922 1671 1052 1732 Graecae
1078 1672 1255 1734 subtilitatis
1283 1674 1439 1734 discendae

273 1759 322 1847 (A.
346 1765 401 1826 XX
428 1767 500 1826 263.
529 1756 624 1844 264):
657 1761 723 1823 τῶν
745 1757 936 1836 Ἑλληνικῶν
963 1756 1156 1837 γραμμάτων
1184 1759 1234 1823 καὶ
1267 1763 1440 1839 ποιητικῶν

271 1849 465 1931 μαθημάτων
507 1849 614 1915 πολλὰ
650 1849 791 1927 πονήεα(
827 1847 1007 1912 ἐκπούδαεα
1044 1850 1211 1927 μεταεχεῖν
1246 1849 1305 1928 τὴν
1340 1871 1439 1928 γραμ-

273 1942 406 2020 ματικὴν
430 1938 595 2018 ἐμπειρίαν
623 1936 809 2017 ἀναλαβὼν,
836 1939 895 2015 τὴν
918 1937 953 2000 δὲ
977 1936 1049 2014 περὶ
1071 1937 1130 2016 τὴν
1153 1938 1327 2017 προφορὰν
1355 1937 1439 2017 ἀκρί-
1484 1990 1488 1996 .

274 2035 362 2110 βειαν
397 2027 530 2108 πάτριοι
562 2027 700 2092 ἐκώλυεε
729 2026 883 2104 ευνήθεια.
916 2023 995 2104 παρ’
1021 2025 1096 2105 ἡμῖν
1123 2025 1185 2104 γὰρ
1214 2026 1273 2091 οὐκ
1300 2027 1440 2092 ἐκείνου(
1528 2075 1535 2096 .

271 2117 491 2197 ἀποδέχονται
509 2117 585 2181 τοὺ(
603 2118 737 2180 πολλῶν
756 2115 860 2180 ἐθνῶν
879 2113 1047 2179 διάλεκτον
1069 2113 1265 2194 ἐκμαθόντα(
1290 2117 1340 2181 καὶ
1363 2120 1440 2194 γλα-

273 2206 430 2287 φυρότητι
458 2206 579 2274 λέξεων
606 2205 664 2269 τὸν
693 2201 792 2281 λόγον
819 2204 1102 2283 ἐπικομψεύονταε.
1139 2210 1205 2267 tum
1228 2229 1281 2286 per
1303 2230 1335 2270 se
1357 2213 1443 2286 patet

274 2301 452 2377 perdifficile
471 2319 545 2375 esse,
563 2297 740 2376 praesertim
759 2297 872 2358 homini
889 2297 1015 2376 Iudaeo,
1033 2297 1084 2374 qui
1102 2317 1162 2357 non
1180 2317 1199 2357 a
1216 2319 1308 2375 puero
1327 2298 1442 2360 Graece
1478 2328 1483 2340 ·

277 2391 411 2450 eruditus
436 2392 510 2466 erat,
533 2388 694 2466 peregrine
716 2387 821 2464 lingua
844 2387 881 2446 ad
904 2387 998 2447 libros
1021 2387 1238 2465 componendos
1262 2389 1314 2450 uti.
1352 2409 1441 2466 quam

272 2498 335 2539 non
356 2479 413 2539 sibi
431 2477 489 2555 ipsi
506 2477 537 2537 in
557 2478 612 2537 hac
630 2496 664 2536 re
683 2476 809 2536 confisus
835 2476 887 2554 sit,
907 2476 979 2536 satis
1002 2495 1038 2536 ex
1061 2496 1095 2537 eo
1119 2477 1229 2556 elucet,
1248 2479 1326 2555 quod
1349 2478 1441 2540 libros

273 2569 311 2628 de
333 2569 413 2628 bello
432 2566 568 2644 Iudaico,
587 2569 745 2643 antequam
766 2565 881 2643 ederet,
899 2565 1076 2642 quibusdam
1096 2566 1199 2626 amicis
1217 2566 1329 2628 Graece
1347 2569 1442 2629 doctis

274 2653 347 2736 (Ap.
364 2657 379 2716 Ι
399 2654 456 2736 50)
474 2655 665 2733 corrigendos
684 2653 818 2715 tradidit.
845 2659 940 2733 neque
958 2655 989 2714 id
1008 2655 1243 2716 obliviscendum
1262 2659 1316 2732 est,
1336 2657 1441 2734 siquis

272 2749 322 2807 tot
338 2749 499 2824 tantosque
513 2745 606 2806 libros
621 2744 806 2804 conscribere
823 2745 942 2822 cogitet,
957 2748 1084 2822 quantos
1098 2745 1274 2824 conscripsit
1287 2748 1441 2824 Iosephus,

277 2855 346 2896 eum
366 2836 486 2895 Atticae
505 2834 673 2913 elegantiae
697 2834 816 2894 studere
840 2853 898 2894 non
919 2852 1021 2913 posse,
1038 2835 1097 2894 nisi
1114 2834 1285 2896 Atticorum
1307 2835 1440 2915 linguam

276 2925 398 3003 penitus
417 2924 568 3002 cognitam
586 2923 705 2984 habeat.
742 2941 812 2982 uam
831 2923 857 2983 si
875 2942 933 2983 non
947 2924 1064 2983 >habeat
1082 2925 1251 3002 scientiam,
1270 2927 1322 2985 sed
1341 2930 1441 2986 tamen

277 3016 314 3074 ad
342 3015 462 3074 illorum
486 3031 619 3073 normam
648 3013 760 3089 scripta
784 3031 838 3072 sua
861 3012 995 3090 derigere
1017 3014 1104 3090 uelit,
1126 3033 1195 3074 mox
1217 3034 1285 3075 eum
1308 3013 1371 3075 dies
1395 3015 1442 3075 tle-

275 3104 365 3164 ficiat.
403 3103 481 3181 quod
499 3103 593 3179 igitur
611 3101 756 3178 Iosephus
780 3120 839 3161 non
858 3102 1000 3179 multum,
1020 3103 1071 3163 sed
1090 3103 1201 3190 multa⁸
1218 3106 1253 3162 ut
1275 3104 1318 3164 ita
1336 3105 1441 3182 dicam,

277 3192 461 3252 conscribere
479 3191 614 3270 volebat,
633 3191 696 3251 veri
715 3191 812 3251 simile
835 3211 895 3252 non
919 3193 965 3252 est
989 3211 1056 3251 eum
1080 3192 1254 3252 elocutionis
1279 3193 1442 3254 subtilitati

363 3381 390 3450 1)
409 3378 617 3435 observationes
641 3379 941 3451 philologicocriticae
956 3373 997 3435 'in
1020 3380 1097 3436 l'lar.
1121 3379 1173 3436 Ios.
1199 3383 1257 3436 ant.
1280 3380 1342 3436 Iud.
1365 3379 1441 3452 Lips.

281 3561 284 3588 2
362 3526 390 3590 2)
409 3521 587 3578 Gorinchemi
607 3527 683 3579 1847,
712 3522 746 3576 cf.
766 3521 891 3578 eiusdem
910 3523 1119 3579 observationes
1142 3521 1258 3579 criticae
1281 3523 1311 3578 in
1334 3523 1440 3593 antiqu.

275 3593 408 3652 l..XVllI
443 3595 576 3650 Mnemos
595 3593 620 3648 Il
639 3595 741 3664 (1853).

363 3667 544 3733 3.)Mnemos
562 3665 624 3719 But.
643 3664 678 3721 N.
697 3664 724 3721 S.
744 3665 846 3738 XlIlp
848 3670 1018 3723 ..aec—284
1038 3671 1187 3722 ιιι-399.

363 3738 392 3808 4)
410 3753 499 3792 sermo
518 3753 635 3808 graecus
650 3754 706 3806 quo
725 3739 837 3792 senatus
856 3738 1031 3808 populusque
1044 3739 1186 3793 Romanus
1206 3736 1442 3820 magistratusque

274 3808 371 3880 populi
399 3808 518 3863 Romani
545 3824 633 3878 usque
661 3809 698 3863 ad
720 3808 825 3865 Tiberii
843 3807 969 3865 Caesaris
988 3809 1137 3865 aetatem
1128 3827 1158 3864 ιιι
1184 3809 1296 3879 scriptis
1320 3809 1442 3880 publicis

276 3882 318 3936 usi
337 3884 402 3936 sunt
421 3879 602 3936 examinatur
640 3879 792 3947 Gottingae
811 3886 889 3936 1888

364 3955 390 4022 8)
410 3953 444 4007 de
466 3950 557 4007 Flavii
586 3949 697 4022 losephi
727 3952 885 4008 elocutione
918 3952 1096 4020 quaestiones
1124 3951 1238 4008 criticae
1265 3953 1295 4008 et
1312 3953 1444 4009 observa·

275 4022 366 4080 tiones
384 4022 594 4092 grammaticae.
631 4021 723 4078 dies.
702 4039 810 4108 'inaug
846 4023 986 4094 Erlangae
1006 4029 1083 4080 1890.

275 4166 302 4221 d
359 4094 619 4220 1⁴63)lol>servationes
646 4093 793 4150 criticae
785 4114 813 4150 ιιι
836 4094 915 4151 Flavi
939 4095 1050 4166 losephi
1076 4094 1294 4165 antiquitatibus
1312 4094 1442 4151 Iudaicis.

294 4185 340 4221 ιιι.
384 4181 442 4219 ran
491 4171 569 4223 1831

366 4240 392 4308 7)
412 4237 441 4290 cf
428 4184 498 4292 th.
523 4237 558 4292 de
576 4235 782 4292 Wilamowitz·
787 4236 997 4306 Moellendorff
1025 4239 1094 4294 iiber
1120 4239 1169 4295 die
1197 4239 1367 4309 entstehung
1393 4239 1443 4294 der

275 4308 467 4378 griechischen
494 4307 626 4379 schriftsp
628 4310 736 4364 rachen.
774 4308 882 4365 verhdl.
906 4309 932 4366 d.
956 4314 998 4364 32.
1017 4309 1177 4366 versamml.
1200 4311 1325 4365 deutsch.
1344 4309 1442 4380 philol.

276 4384 368 4450 (1878)
387 4398 413 4450 p
429 4384 475 4435 40.
507 4381 593 4450 ‘gena
605 4381 807 4479 'gedankenlos
829 4379 868 4437 ιιι
890 4381 936 4436 die
960 4383 1111 4490 annahme,
1135 4381 1195 4437 dass
1219 4383 1264 4436 die
1286 4385 1365 4451 κοινὴ
1385 4399 1443 4438 cor-

275 4452 424 4523 rumpirtes
442 4450 554 4507 Attisch
572 4452 639 4508 sei’.
