3166 5026
289 256 333 322 34
713 255 867 312 Guilelmus
887 253 1026 312 Schmidt:

289 426 433 486 incoletis.
461 427 520 485 iam
534 445 612 485 nunc
627 426 761 486 homiues
775 444 828 486 vos
843 427 999 502 mirantur,
1018 426 1095 503 quod
1111 445 1147 484 ex
1161 445 1219 484 uno
1233 427 1358 501 parente
1372 427 1453 484 tanta

289 515 451 576 multitudo
469 516 543 574 facti
560 515 642 595 estis,
661 534 842 592 quamquam
860 534 939 574 nunc
956 516 1089 575 nondum
1107 517 1170 574 tam
1188 514 1275 573 multi
1294 512 1368 574 estis
1385 510 1453 592 (τὸν

289 603 349 665 νῦν
368 599 456 678 ὑμῶν
475 598 610 686 ὀλίγον),
629 607 664 664 ut
683 603 928 665 chananaeorum
950 607 1033 664 terra
1051 622 1103 664 vos
1123 603 1258 680 excipere
1276 622 1336 662 nou
1354 604 1454 678 possit,

290 687 355 772 (sed
375 693 470 754 multo
488 694 584 770 magle
604 712 657 754 vos
675 685 893 772 mirabuntur),
917 713 985 754 cum
1007 696 1106 753 totum
1123 694 1225 754 orbem
1243 696 1393 752 terrarum
1412 693 1454 751 in-

289 782 406 862 coletis,
429 802 495 843 cum
519 785 581 842 tam
606 782 693 842 multi
717 783 813 857 eritis,
839 783 955 842 utiam
978 783 1132 842 continens
1156 801 1215 842 non
1239 781 1381 858 sufficiat,
1405 782 1454 840 sed

289 872 380 932 etiam
402 871 519 932 insulae
542 872 628 933 vobis
650 873 823 932 incolendas
847 871 919 949 sint,
942 875 1005 932 tam
1024 873 1126 946 multi,
1153 874 1282 948 quantus
1302 871 1455 930 stellarum

288 961 461 1021 caelestium
480 981 622 1021 numerus
642 963 696 1022 est

377 1050 543 1110 A.11191
564 1049 622 1110 τοῦ
646 1050 792 1122 ποταμοῦ
815 1051 879 1126 πῆ(
903 1049 971 1125 γῆς
995 1043 1204 1126 ἐπιβάντα(
1228 1049 1272 1109 ita
1290 1046 1347 1107 ΒΟ
1372 1047 1455 1108 codd.

289 1158 363 1217 quos
391 1139 527 1216 sequitur
554 1139 688 1218 Niesius,
715 1137 774 1215 τὴν
801 1140 862 1216 γῆν
889 1138 1028 1219 MSPL,
1055 1158 1146 1215 quam
1174 1139 1353 1214 scripturam
1380 1157 1455 1197 com-

289 1228 448 1288 mendante
467 1229 593 1288 Krebsio
601 1219 626 1309 ¹)
645 1229 783 1289 Naberus
803 1229 923 1306 recepit.
961 1229 1038 1288 utris
1056 1227 1156 1300 libris,
1179 1230 1241 1287 utri
1260 1227 1370 1286 editori
1387 1227 1454 1302 plus

289 1317 359 1376 fidei
377 1317 443 1376 est?
480 1336 548 1376 mea
566 1318 684 1394 quidem
705 1319 852 1378 sententia
877 1317 952 1378 nihil
970 1319 1070 1378 verius
1094 1337 1159 1378 esse
1182 1320 1282 1393 potest
1307 1317 1455 1393 genetivo,

288 1425 356 1466 uam
389 1405 438 1466 hic
465 1406 592 1483 Icsepho
625 1407 840 1468 usItatissimus
869 1398 957 1488 est.)
1002 1427 1094 1466 unum
1124 1407 1262 1466 exstabat
1294 1405 1455 1464 accusativi

288 1495 456 1571 exemplum
482 1498 517 1557 A.
536 1495 607 1555 XIV
627 1499 684 1574 73,
712 1498 764 1556 sed
790 1515 868 1556 nunc
891 1496 1047 1558 sublatum
1063 1499 1129 1570 est,
1153 1494 1293 1571 quoniam
1317 1493 1389 1553 libri
1411 1494 1456 1572 τῷ

287 1579 385 1659 τείχει
404 1582 562 1660 ἐπέβηεαν
581 1586 730 1646 exhibent.
762 1585 884 1663 accedit,
904 1587 982 1662 quod
1001 1587 1108 1646 ceteris
1128 1585 1273 1644 sermonis
1292 1583 1455 1644 communis

288 1673 483 1749 scriptoribus
508 1675 696 1734 accusatIvus
715 1679 783 1750 post
801 1669 976 1750 ἐπιβαίνειν
994 1674 1165 1752 incognitus
1193 1676 1240 1732 est
1264 1673 1349 1734 velut
1368 1672 1456 1747 Poly·

289 1762 337 1822 hio
345 1756 382 1843 ³),
399 1756 606 1843 Plutarcho4),
625 1762 765 1824 Lucieno.
773 1755 800 1845 ⁵)
837 1763 869 1822 hi
888 1782 989 1824 omnes
1010 1763 1184 1840 saepissime
1203 1765 1352 1838 usurpant
1370 1781 1457 1838 gene-

290 1851 398 1929 tivum,
425 1871 586 1929 numquam
615 1853 834 1927 accusativum,
858 1854 1037 1931 aliquotiens
1061 1844 1229 1935 dativum⁶)
1255 1854 1289 1910 ut
1311 1851 1455 1926 Iosephus

288 1959 406 2018 quoque
435 1935 533 2021 (Raab
559 1963 588 2019 p.
605 1935 670 2022 17).
716 1964 808 2002 unum
837 1942 1040 2002 accusativum
1067 1942 1199 2018 repperi:
1227 1940 1454 2015 Ierem.18,15

288 2026 435 2106 ἐπιβῆναι
458 2025 596 2106 τρίβουε,
620 2051 697 2109 quae
717 2035 870 2091 structura
887 2031 961 2089 mihi
979 2031 1094 2106 figurae
1112 2030 1343 2108 etymologicae,
1366 2047 1454 2105 quam

289 2119 403 2196 dicunt,
423 2121 550 2196 speciem
572 2139 643 2195 prae
662 2139 694 2179 se
712 2120 790 2180 ferre
809 2121 941 2197 videtur,
961 2119 1014 2179 sed
1031 2119 1169 2195 plurimis
1188 2118 1260 2178 locis
1279 2118 1359 2194 apud
1378 2116 1455 2176 LXX

288 2208 467 2285 interpretes
491 2204 543 2268 ἐπί
566 2226 595 2268 τι
618 2210 767 2286 πομπίλοι,
790 2208 871 2286 quod
893 2209 985 2268 habes
1009 2208 1089 2284 apud
1107 2209 1266 2285 Iosephum
1285 2206 1321 2266 A.
1336 2207 1380 2265 XI
1394 2207 1453 2266 258

288 2289 413 2374 (ἐπιβὰε
437 2293 489 2357 ἐπὶ
512 2293 570 2357 τὸν
592 2291 708 2380 ἵππον)
731 2304 766 2358 ut
788 2298 868 2374 apud
890 2297 1087 2358 Plutarchum
1107 2290 1194 2376 (Mar.
1210 2299 1250 2356 37
1268 2289 1358 2374 (370,
1374 2287 1454 2376 19)),

287 2386 447 2463 Polybium
463 2382 520 2464 (IV
531 2389 621 2465 45,3,
640 2389 691 2448 sed
706 2388 765 2447 alio
780 2379 893 2468 sensu),
912 2388 943 2446 in
956 2387 994 2447 N.
1008 2387 1041 2447 Τ.
1056 2382 1176 2465 (Matth.
1188 2389 1238 2460 21,
1250 2377 1294 2466 5),
1313 2385 1365 2445 sed
1380 2384 1454 2461 quod

288 2476 367 2551 apud
387 2475 550 2534 Lucienum
569 2495 715 2552 nusquam
736 2476 871 2536 occurrit.

376 2563 509 2623 Verbum
538 2559 894 2639 ὑποκατακλίνομαι
922 2584 1013 2625 sensu
1040 2565 1186 2624 translato
1215 2563 1362 2623 aFlavio
1389 2581 1452 2622 cun
1546 2575 1547 2582 ¹

288 2653 388 2716 dativo
408 2653 545 2729 iungitur
563 2658 598 2713 ut
616 2653 687 2713 XIX
703 2655 780 2731 318,
803 2673 862 2732 qua
887 2655 919 2712 iu
941 2673 974 2713 re
998 2655 1146 2714 consentit
1164 2672 1230 2714 cum
1250 2654 1403 2713 veteribus
1421 2654 1451 2709 ut

287 2742 415 2802 Platone
434 2743 470 2801 de
485 2762 546 2818 rep.
563 2745 662 2818 3360,
681 2743 895 2803 recentioribus
915 2745 950 2803 ut
964 2743 1106 2820 Dionysio
1122 2743 1189 2802 Hal.
1204 2741 1248 2800 VI
1264 2743 1315 2816 24,
1331 2743 1358 2802 3.
1376 2741 1450 2819 61,2
1546 2723 1547 2770 l

287 2836 318 2890 et
332 2831 495 2890 Plutarcho
510 2832 599 2908 Ages.
616 2835 656 2891 27
673 2824 762 2913 (172,
774 2824 838 2915 23).
867 2833 919 2891 sed
938 2833 1060 2892 notione
1077 2832 1219 2908 primaria
1238 2829 1275 2888 ab
1295 2849 1329 2890 eo
1348 2832 1453 2906 pendet

286 2920 458 2995 genetivus:
475 2921 511 2980 A.
521 2920 580 2979 XII
591 2923 656 2980 210
675 2916 958 2981 ὑποκατακλίνεται
973 2916 1105 2981 πάντων
1120 2915 1250 2979 ‘infimus
1265 2921 1398 2981 emnium
1412 2937 1450 2977 aa·

276 3002 422 3087 *cumbit',
437 3009 509 3086 quia
522 3010 553 3068 in
568 3029 603 3068 eo
617 3011 662 3070 vis
678 3014 723 3070 est
738 3011 948 3087 comparativa.
972 3012 1020 3070 hic
1033 3029 1107 3070 usus
1117 3009 1277 3085 respondet
1288 3012 1450 3068 structurae

287 3099 373 3158 verbi
391 3094 692 3173 προκατακλίνειθαι
710 3098 777 3159 τῶν
795 3096 997 3174 κεκλημένων
1016 3101 1051 3161 A.
1067 3099 1166 3159 V148
1187 3091 1272 3180 (Luc.
1290 3098 1369 3158 deor.
1389 3097 1452 3156 dial.

289 3189 338 3260 13,
356 3192 382 3246 1.
399 3189 417 3246 2
437 3182 740 3262 προκατακλίνειθαί
759 3204 818 3262 μου
838 3180 965 3270 (eccll)

376 3275 631 3351 κληρονομεῖν
650 3279 729 3353 apud
748 3280 864 3338 veteres
884 3271 1071 3337 ‘hereditatis
1086 3277 1262 3354 participem
1277 3269 1353 3336 esse'
1368 3276 1453 3352 signi-

287 3364 371 3444 ficat,
390 3365 469 3441 apud
492 3366 672 3426 recentiores
696 3385 754 3425 non
777 3367 874 3427 s‘clum
898 3367 988 3425 aliam
1012 3369 1162 3426 notionem
1184 3365 1296 3438 induit,
1323 3368 1358 3424 ut
1379 3382 1451 3424 nuuc

287 3453 379 3513 latius
398 3456 515 3530 pateat:
535 3448 659 3532 ‘aliquid
679 3451 822 3532 adipisci',
842 3458 894 3516 sed
914 3457 1006 3515 etiam
1020 3455 1110 3515 aliam
1125 3457 1307 3514 structuram
1322 3453 1450 3531 assumit,

286 3544 317 3601 id
343 3545 421 3620 quod
446 3563 481 3602 ex
509 3545 629 3605 nodone
658 3547 773 3604 mutata
800 3546 888 3605 facile
912 3545 1089 3621 explicatur,
1113 3561 1182 3604 nam
1210 3564 1264 3619 pro
1287 3543 1450 3605 Atticorum

377 3731 403 3801 1)
422 3746 471 3784 zur
488 3730 595 3785 recticn
614 3733 663 3786 der
683 3747 762 3787 casus
776 3733 803 3786 ll
818 3739 860 3789 17.
890 3734 983 3790 adnot.
998 3740 1023 3789 2.
1048 3731 1185 3789 statium
1199 3732 1297 3802 Krebe,
1316 3730 1451 3802 praeposi-

286 3801 427 3857 tionsadv.
447 3801 524 3857 1159
544 3803 606 3858 adn.

375 3875 404 3943 2)
427 3871 492 3928 vide
520 3874 660 3943 exempla,
689 3891 760 3943 quae
790 3873 904 3930 Carolus
927 3873 1020 3944 Raab,
1050 3874 1085 3929 de
1108 3874 1200 3931 Flavii
1222 3873 1336 3943 Iosephi
1364 3873 1449 3929 elocu-

287 3945 364 4000 tione
384 3947 436 4000 ctc.
455 3963 482 4014 p.
499 3950 532 3999 16
553 3945 619 3999 diss.
639 3944 694 3998 βτί.
715 3951 793 4014 1890,
813 3963 865 4000 con
887 3945 963 4000 essit.

376 4018 404 4084 a)
423 4033 446 4078 c.
465 4018 558 4086 genet.
573 4015 585 4068 1
600 4021 642 4083 vs,
659 4025 681 4070 c.
701 4017 740 4071 111
755 4023 798 4084 ao,
812 4024 837 4072 ο.
911 4023 954 4087 rs,
968 4024 993 4072 a.
1014 4024 1056 4084 ιι,
1073 4024 1114 4071 11.
1133 4017 1171 4072 lx
1186 4024 1211 4085 a,
1226 4023 1268 4074 12.
1287 4017 1377 4072 xxvl
1391 4024 1414 4083 e,
1427 4022 1449 4072 ι.

376 4089 404 4155 1)
423 4105 445 4145 c.
461 4089 553 4156 genet.
569 4087 638 4142 Oim.
657 4094 689 4141 14
704 4091 775 4156 (187,
791 4093 844 4158 29),
864 4090 947 4158 Ages.
963 4093 998 4142 17
1013 4092 1085 4159 (160,
1100 4093 1153 4159 21),
1171 4089 1286 4160 passim.
1306 4090 1362 4145 vid.
1377 4089 1449 4158 Wyt-

286 4157 429 4214 tcnbachii
447 4157 568 4212 indicem
586 4177 605 4214 s.
622 4177 648 4212 v.
668 4159 808 4226 ἐπιβαίνω.

375 4231 403 4297 6)
423 4228 489 4283 dial.
504 4247 572 4284 mar.
588 4235 630 4298 16,
640 4234 665 4286 3.
689 4231 745 4284 vid.
760 4230 904 4287 IacobItaii
917 4230 1040 4287 indicem
1055 4250 1076 4288 a.
1091 4251 1116 4288 v.
1132 4231 1271 4300 ἐπιβαίνω.
1291 4231 1325 4286 de
1340 4231 1448 4285 Arriano

287 4301 322 4357 cf.
341 4300 476 4368 Boehncr,
497 4300 530 4355 de
550 4300 661 4356 Arriani
679 4299 790 4356 dicendi
809 4319 919 4373 genere.
939 4305 993 4359 act.
1014 4319 1080 4360 sem.
1099 4303 1155 4360 Erl.
1170 4302 1209 4357 IV
1223 4309 1266 4359 23.

376 4376 403 4443 6)
424 4370 519 4441 Polyb.
533 4371 546 4424 1
560 4378 586 4440 6,
601 4379 626 4428 2.
654 4373 774 4441 Luettge
788 4393 815 4445 p.
833 4379 875 4442 13,
889 4375 924 4432 N.
940 4375 972 4430 Τ.
987 4376 1059 4445 (Act.
1075 4381 1118 4443 27,
1132 4377 1170 4444 2),
1184 4375 1218 4429 de
1233 4373 1361 4444 Appiano
1376 4373 1449 4426 Kratt

286 4462 313 4514 p.
334 4447 376 4498 66.
486 4447 512 4512 7)
531 4442 566 4499 cf.
586 4442 621 4498 de
640 4443 724 4498 verbo
743 4446 822 4500 ὑποκ.
843 4445 929 4500 etiam
949 4445 1064 4501 Schmid
1081 4445 1094 4498 l
1114 4449 1173 4502 139.
1193 4444 1218 4498 lI
1239 4452 1297 4502 162.
